<?xml version="1.0" encoding="UTF-8"?>
<!DOCTYPE html PUBLIC "-//W3C//DTD XHTML 1.0 Transitional//EN"
    "http://www.w3.org/TR/xhtml1/DTD/xhtml1-transitional.dtd">
<html xmlns="http://www.w3.org/1999/xhtml" xml:lang="en" lang="en">
 <head>
  <title>
</title>
<meta http-equiv="Content-Type" content="text/html;charset=utf-8" />
  <meta name='ocr-system' content='tesseract 3.04.00' />
  <meta name='ocr-capabilities' content='ocr_page ocr_carea ocr_par ocr_line ocrx_word'/>
</head>
<body>
  <div class='ocr_page' id='page_1' title='image "./cartulariumabba02abbegoog_0260.png"; bbox 0 0 2918 4980; ppageno 0'>
   <div class='ocr_carea' id='block_1_1' title="bbox 291 485 1260 556">
    <p class='ocr_par' dir='ltr' id='par_1_1' title="bbox 291 485 1260 556">
     <span class='ocr_line' id='line_1_1' title="bbox 291 485 1260 556; baseline -0.013 0"><span class='ocrx_word' id='word_1_1' title='bbox 291 496 561 556; x_wconf 80' lang='lat' dir='ltr'>CARTULARIUM</span> <span class='ocrx_word' id='word_1_2' title='bbox 579 500 783 553; x_wconf 81' lang='lat' dir='ltr'>ABBATHIAE</span> <span class='ocrx_word' id='word_1_3' title='bbox 802 500 851 551; x_wconf 80' lang='lat' dir='ltr'>Du</span> <span class='ocrx_word' id='word_1_4' title='bbox 868 499 1054 552; x_wconf 81' lang='lat' dir='ltr'><strong>WHITEBY.</strong></span> <span class='ocrx_word' id='word_1_5' title='bbox 1186 485 1260 545; x_wconf 84' lang='grc'>589·</span> 
     </span>
    </p>
   </div>
   <div class='ocr_carea' id='block_1_2' title="bbox 110 663 1248 850">
    <p class='ocr_par' dir='ltr' id='par_1_2' title="bbox 110 663 1248 850">
     <span class='ocr_line' id='line_1_2' title="bbox 110 663 1248 750; baseline -0.002 -20"><span class='ocrx_word' id='word_1_6' title='bbox 110 666 370 750; x_wconf 77' lang='lat' dir='ltr'>provenientium</span> <span class='ocrx_word' id='word_1_7' title='bbox 401 666 441 732; x_wconf 92' lang='lat' dir='ltr'>de</span> <span class='ocrx_word' id='word_1_8' title='bbox 472 665 677 732; x_wconf 90' lang='lat' dir='ltr'>terris-scil.</span> <span class='ocrx_word' id='word_1_9' title='bbox 704 666 888 748; x_wconf 86' lang='lat' dir='ltr'>Rysewarp‚</span> <span class='ocrx_word' id='word_1_10' title='bbox 917 663 1078 739; x_wconf 87' lang='lat' dir='ltr'>Neuham,</span> <span class='ocrx_word' id='word_1_11' title='bbox 1101 669 1134 727; x_wconf 90' lang='lat' dir='ltr'>et</span> <span class='ocrx_word' id='word_1_12' title='bbox 1158 669 1248 746; x_wconf 89' lang='lat' dir='ltr'>parte</span> 
     </span>
     <span class='ocr_line' id='line_1_3' title="bbox 110 762 1248 850; baseline -0.003 -23"><span class='ocrx_word' id='word_1_13' title='bbox 110 765 197 830; x_wconf 85' lang='lat' dir='ltr'>villae</span> <span class='ocrx_word' id='word_1_14' title='bbox 208 764 249 830; x_wconf 88' lang='lat' dir='ltr'>da</span> <span class='ocrx_word' id='word_1_15' title='bbox 263 766 405 850; x_wconf 85' lang='lat' dir='ltr'>Wyteby</span> <span class='ocrx_word' id='word_1_16' title='bbox 421 786 461 829; x_wconf 86' lang='lat' dir='ltr'>ex</span> <span class='ocrx_word' id='word_1_17' title='bbox 476 771 566 849; x_wconf 84' lang='lat' dir='ltr'>parte</span> <span class='ocrx_word' id='word_1_18' title='bbox 582 763 784 840; x_wconf 87' lang='lat' dir='ltr'>occidentali,</span> <span class='ocrx_word' id='word_1_19' title='bbox 797 764 858 847; x_wconf 92' lang='lat' dir='ltr'>(vi)</span> <span class='ocrx_word' id='word_1_20' title='bbox 871 763 906 826; x_wconf 94' lang='lat' dir='ltr'>in</span> <span class='ocrx_word' id='word_1_21' title='bbox 917 763 978 827; x_wconf 93' lang='lat' dir='ltr'>hoc</span> <span class='ocrx_word' id='word_1_22' title='bbox 993 763 1113 846; x_wconf 89' lang='lat' dir='ltr'>perjuri</span> <span class='ocrx_word' id='word_1_23' title='bbox 1129 762 1248 826; x_wconf 83' lang='lat' dir='ltr'>falsum</span> 
     </span>
    </p>
   </div>
   <div class='ocr_carea' id='block_1_3' title="bbox 110 861 1373 948">
    <p class='ocr_par' dir='ltr' id='par_1_3' title="bbox 110 861 1373 948">
     <span class='ocr_line' id='line_1_4' title="bbox 110 861 1373 948; baseline -0.002 -21"><span class='ocrx_word' id='word_1_24' title='bbox 110 862 282 944; x_wconf 82' lang='lat' dir='ltr'>dixerunt3</span> <span class='ocrx_word' id='word_1_25' title='bbox 303 864 380 948; x_wconf 86' lang='lat' dir='ltr'>quia</span> <span class='ocrx_word' id='word_1_26' title='bbox 394 863 475 928; x_wconf 87' lang='lat' dir='ltr'>dicti</span> <span class='ocrx_word' id='word_1_27' title='bbox 490 864 600 928; x_wconf 86' lang='lat' dir='ltr'>Abbas</span> <span class='ocrx_word' id='word_1_28' title='bbox 615 870 649 928; x_wconf 88' lang='lat' dir='ltr'>et</span> <span class='ocrx_word' id='word_1_29' title='bbox 660 863 848 928; x_wconf 80' lang='lat' dir='ltr'>Conventus</span> <span class='ocrx_word' id='word_1_30' title='bbox 863 862 903 926; x_wconf 89' lang='lat' dir='ltr'>de</span> <span class='ocrx_word' id='word_1_31' title='bbox 914 861 1067 944; x_wconf 85' lang='lat' dir='ltr'>Wyteby,</span> <span class='ocrx_word' id='word_1_32' title='bbox 1078 867 1249 944; x_wconf 88' lang='lat' dir='ltr'>atempore</span> <span class='ocrx_word' id='word_1_33' title='bbox 1366 871 1373 889; x_wconf 83' lang='lat'><strong>·</strong></span> 
     </span>
    </p>
   </div>
   <div class='ocr_carea' id='block_1_4' title="bbox 109 959 1254 4504">
    <p class='ocr_par' dir='ltr' id='par_1_4' title="bbox 109 959 1251 1741">
     <span class='ocr_line' id='line_1_5' title="bbox 109 959 1249 1047; baseline -0.004 -20"><span class='ocrx_word' id='word_1_34' title='bbox 109 983 174 1046; x_wconf 91' lang='lat' dir='ltr'>quo</span> <span class='ocrx_word' id='word_1_35' title='bbox 188 984 254 1027; x_wconf 92' lang='lat' dir='ltr'>non</span> <span class='ocrx_word' id='word_1_36' title='bbox 269 969 361 1028; x_wconf 86' lang='lat' dir='ltr'>extat</span> <span class='ocrx_word' id='word_1_37' title='bbox 375 963 540 1040; x_wconf 88' lang='lat' dir='ltr'>memoria,</span> <span class='ocrx_word' id='word_1_38' title='bbox 548 968 759 1047; x_wconf 82' lang='lat' dir='ltr'>perceperunt</span> <span class='ocrx_word' id='word_1_39' title='bbox 770 960 996 1025; x_wconf 87' lang='lat' dir='ltr'>tantummodo</span> <span class='ocrx_word' id='word_1_40' title='bbox 1007 960 1080 1043; x_wconf 88' lang='lat' dir='ltr'>(vii)</span> <span class='ocrx_word' id='word_1_41' title='bbox 1090 959 1249 1024; x_wconf 86' lang='lat' dir='ltr'>decimam</span> 
     </span>
     <span class='ocr_line' id='line_1_6' title="bbox 109 1060 1249 1144; baseline -0.004 -18"><span class='ocrx_word' id='word_1_42' title='bbox 109 1063 275 1128; x_wconf 81' lang='lat' dir='ltr'>fructuum</span> <span class='ocrx_word' id='word_1_43' title='bbox 297 1063 457 1128; x_wconf 91' lang='lat' dir='ltr'>dictorum</span> <span class='ocrx_word' id='word_1_44' title='bbox 480 1063 632 1139; x_wconf 87' lang='lat' dir='ltr'>locorum,</span> <span class='ocrx_word' id='word_1_45' title='bbox 654 1067 688 1125; x_wconf 90' lang='lat' dir='ltr'>et</span> <span class='ocrx_word' id='word_1_46' title='bbox 708 1060 823 1125; x_wconf 77' lang='lat' dir='ltr'>incolae</span> <span class='ocrx_word' id='word_1_47' title='bbox 844 1060 1070 1144; x_wconf 84' lang='lat' dir='ltr'>praedictarum</span> <span class='ocrx_word' id='word_1_48' title='bbox 1092 1067 1249 1123; x_wconf 85' lang='lat' dir='ltr'>terrarum</span> 
     </span>
     <span class='ocr_line' id='line_1_7' title="bbox 110 1159 1249 1246; baseline -0.004 -21"><span class='ocrx_word' id='word_1_49' title='bbox 110 1182 227 1226; x_wconf 90' lang='lat' dir='ltr'>novem</span> <span class='ocrx_word' id='word_1_50' title='bbox 242 1167 349 1246; x_wconf 85' lang='lat' dir='ltr'>partes</span> <span class='ocrx_word' id='word_1_51' title='bbox 367 1167 587 1246; x_wconf 86' lang='lat' dir='ltr'>perceperunt,</span> <span class='ocrx_word' id='word_1_52' title='bbox 603 1168 635 1226; x_wconf 92' lang='lat' dir='ltr'>et</span> <span class='ocrx_word' id='word_1_53' title='bbox 650 1161 757 1225; x_wconf 86' lang='lat' dir='ltr'>adhuc</span> <span class='ocrx_word' id='word_1_54' title='bbox 779 1159 970 1243; x_wconf 89' lang='lat' dir='ltr'>percipiunt.</span> <span class='ocrx_word' id='word_1_55' title='bbox 1015 1159 1129 1222; x_wconf 90' lang='lat' dir='ltr'>Interr.</span> <span class='ocrx_word' id='word_1_56' title='bbox 1145 1159 1249 1241; x_wconf 92' lang='lat' dir='ltr'>quali-</span> 
     </span>
     <span class='ocr_line' id='line_1_8' title="bbox 110 1259 1248 1344; baseline -0.002 -20"><span class='ocrx_word' id='word_1_57' title='bbox 110 1266 161 1324; x_wconf 89' lang='lat' dir='ltr'>ter</span> <span class='ocrx_word' id='word_1_58' title='bbox 174 1261 262 1344; x_wconf 89' lang='lat' dir='ltr'>(viii)</span> <span class='ocrx_word' id='word_1_59' title='bbox 277 1261 338 1326; x_wconf 87' lang='lat' dir='ltr'>hoc</span> <span class='ocrx_word' id='word_1_60' title='bbox 359 1262 430 1337; x_wconf 88' lang='lat' dir='ltr'>scit,</span> <span class='ocrx_word' id='word_1_61' title='bbox 453 1260 534 1325; x_wconf 92' lang='lat' dir='ltr'>dicit</span> <span class='ocrx_word' id='word_1_62' title='bbox 556 1281 614 1344; x_wconf 88' lang='lat' dir='ltr'>per</span> <span class='ocrx_word' id='word_1_63' title='bbox 635 1261 704 1338; x_wconf 89' lang='lat' dir='ltr'>hoc,</span> <span class='ocrx_word' id='word_1_64' title='bbox 719 1259 806 1343; x_wconf 88' lang='lat' dir='ltr'>quod</span> <span class='ocrx_word' id='word_1_65' title='bbox 828 1259 967 1343; x_wconf 81' lang='lat' dir='ltr'>ipsemet</span> <span class='ocrx_word' id='word_1_66' title='bbox 984 1259 1112 1342; x_wconf 87' lang='lat' dir='ltr'>juratus</span> <span class='ocrx_word' id='word_1_67' title='bbox 1127 1259 1248 1323; x_wconf 87' lang='lat' dir='ltr'>dietam</span> 
     </span>
     <span class='ocr_line' id='line_1_9' title="bbox 110 1357 1250 1443; baseline -0.002 -19"><span class='ocrx_word' id='word_1_68' title='bbox 110 1360 269 1425; x_wconf 82' lang='lat' dir='ltr'>decimam</span> <span class='ocrx_word' id='word_1_69' title='bbox 294 1360 460 1425; x_wconf 85' lang='lat' dir='ltr'>fructuum</span> <span class='ocrx_word' id='word_1_70' title='bbox 486 1359 747 1443; x_wconf 89' lang='lat' dir='ltr'>provenientium</span> <span class='ocrx_word' id='word_1_71' title='bbox 769 1359 809 1422; x_wconf 88' lang='lat' dir='ltr'>de</span> <span class='ocrx_word' id='word_1_72' title='bbox 831 1357 912 1422; x_wconf 89' lang='lat' dir='ltr'>locis</span> <span class='ocrx_word' id='word_1_73' title='bbox 934 1357 1097 1441; x_wconf 88' lang='lat' dir='ltr'>praedictis</span> <span class='ocrx_word' id='word_1_74' title='bbox 1119 1359 1250 1423; x_wconf 91' lang='lat' dir='ltr'>nomine</span> 
     </span>
     <span class='ocr_line' id='line_1_10' title="bbox 110 1455 1251 1542; baseline -0.002 -20"><span class='ocrx_word' id='word_1_75' title='bbox 110 1458 249 1523; x_wconf 88' lang='lat' dir='ltr'>Abbatis</span> <span class='ocrx_word' id='word_1_76' title='bbox 271 1466 304 1523; x_wconf 93' lang='lat' dir='ltr'>et</span> <span class='ocrx_word' id='word_1_77' title='bbox 327 1458 427 1524; x_wconf 86' lang='lat' dir='ltr'>Oonv.</span> <span class='ocrx_word' id='word_1_78' title='bbox 444 1458 506 1542; x_wconf 80' lang='lat' dir='ltr'>(ix)</span> <span class='ocrx_word' id='word_1_79' title='bbox 522 1458 562 1522; x_wconf 91' lang='lat' dir='ltr'>de</span> <span class='ocrx_word' id='word_1_80' title='bbox 577 1458 720 1542; x_wconf 87' lang='lat' dir='ltr'>Wyteby</span> <span class='ocrx_word' id='word_1_81' title='bbox 742 1457 932 1521; x_wconf 80' lang='lat' dir='ltr'>multotiens</span> <span class='ocrx_word' id='word_1_82' title='bbox 954 1455 1093 1540; x_wconf 79' lang='lat' dir='ltr'>collegit,</span> <span class='ocrx_word' id='word_1_83' title='bbox 1115 1464 1148 1520; x_wconf 89' lang='lat' dir='ltr'>et</span> <span class='ocrx_word' id='word_1_84' title='bbox 1165 1457 1251 1521; x_wconf 88' lang='lat' dir='ltr'>vidit</span> 
     </span>
     <span class='ocr_line' id='line_1_11' title="bbox 110 1556 1251 1641; baseline -0.001 -20"><span class='ocrx_word' id='word_1_85' title='bbox 110 1558 197 1641; x_wconf 91' lang='lat' dir='ltr'>quod</span> <span class='ocrx_word' id='word_1_86' title='bbox 212 1557 327 1622; x_wconf 86' lang='lat' dir='ltr'>incolae</span> <span class='ocrx_word' id='word_1_87' title='bbox 341 1558 501 1622; x_wconf 86' lang='lat' dir='ltr'>dictorum</span> <span class='ocrx_word' id='word_1_88' title='bbox 515 1556 657 1621; x_wconf 90' lang='lat' dir='ltr'>locorum</span> <span class='ocrx_word' id='word_1_89' title='bbox 680 1577 797 1620; x_wconf 88' lang='lat' dir='ltr'>novem</span> <span class='ocrx_word' id='word_1_90' title='bbox 818 1563 926 1639; x_wconf 88' lang='lat' dir='ltr'>partes</span> <span class='ocrx_word' id='word_1_91' title='bbox 941 1575 1038 1638; x_wconf 85' lang='lat' dir='ltr'>penes</span> <span class='ocrx_word' id='word_1_92' title='bbox 1060 1576 1095 1620; x_wconf 91' lang='lat' dir='ltr'>se</span> <span class='ocrx_word' id='word_1_93' title='bbox 1110 1556 1251 1620; x_wconf 90' lang='lat' dir='ltr'>retinue-</span> 
     </span>
     <span class='ocr_line' id='line_1_12' title="bbox 111 1653 1181 1741; baseline 0 -22"><span class='ocrx_word' id='word_1_94' title='bbox 111 1663 197 1732; x_wconf 90' lang='lat' dir='ltr'>runt,</span> <span class='ocrx_word' id='word_1_95' title='bbox 211 1657 338 1721; x_wconf 82' lang='lat' dir='ltr'>decima</span> <span class='ocrx_word' id='word_1_96' title='bbox 351 1677 410 1741; x_wconf 90' lang='lat' dir='ltr'>per</span> <span class='ocrx_word' id='word_1_97' title='bbox 425 1657 475 1740; x_wconf 87' lang='lat' dir='ltr'>(x)</span> <span class='ocrx_word' id='word_1_98' title='bbox 491 1655 595 1720; x_wconf 92' lang='lat' dir='ltr'>dictos</span> <span class='ocrx_word' id='word_1_99' title='bbox 611 1655 790 1740; x_wconf 85' lang='lat' dir='ltr'>Religiosos</span> <span class='ocrx_word' id='word_1_100' title='bbox 806 1653 1031 1718; x_wconf 88' lang='lat' dir='ltr'>tantummodo</span> <span class='ocrx_word' id='word_1_101' title='bbox 1046 1662 1181 1738; x_wconf 87' lang='lat' dir='ltr'>recepta.</span> 
     </span>
    </p>

    <p class='ocr_par' dir='ltr' id='par_1_5' title="bbox 112 1753 1252 3410">
     <span class='ocr_line' id='line_1_13' title="bbox 156 1753 1251 1839; baseline 0.001 -20"><span class='ocrx_word' id='word_1_102' title='bbox 156 1756 193 1819; x_wconf 90' lang='lat' dir='ltr'>II</span> <span class='ocrx_word' id='word_1_103' title='bbox 205 1755 529 1839; x_wconf 60' lang='lat' dir='ltr'>ridiculus-(linea</span> <span class='ocrx_word' id='word_1_104' title='bbox 538 1756 564 1838; x_wconf 91' lang='lat' dir='ltr'>i)</span> <span class='ocrx_word' id='word_1_105' title='bbox 575 1755 676 1839; x_wconf 88' lang='lat' dir='ltr'>Super</span> <span class='ocrx_word' id='word_1_106' title='bbox 688 1754 828 1819; x_wconf 89' lang='lat' dir='ltr'>secundo</span> <span class='ocrx_word' id='word_1_107' title='bbox 840 1754 989 1818; x_wconf 88' lang='lat' dir='ltr'>Articulo</span> <span class='ocrx_word' id='word_1_108' title='bbox 1001 1753 1251 1820; x_wconf 81' lang='lat' dir='ltr'>interr-videl.</span> 
     </span>
     <span class='ocr_line' id='line_1_14' title="bbox 112 1851 1251 1936; baseline 0.001 -19"><span class='ocrx_word' id='word_1_109' title='bbox 112 1873 155 1917; x_wconf 81' lang='lat' dir='ltr'>nn</span> <span class='ocrx_word' id='word_1_110' title='bbox 176 1852 256 1918; x_wconf 87' lang='lat' dir='ltr'>dicti</span> <span class='ocrx_word' id='word_1_111' title='bbox 271 1853 382 1918; x_wconf 82' lang='lat' dir='ltr'>Abbas</span> <span class='ocrx_word' id='word_1_112' title='bbox 405 1862 438 1918; x_wconf 95' lang='lat' dir='ltr'>et</span> <span class='ocrx_word' id='word_1_113' title='bbox 461 1854 561 1918; x_wconf 85' lang='lat' dir='ltr'>Oonv.</span> <span class='ocrx_word' id='word_1_114' title='bbox 582 1874 640 1936; x_wconf 91' lang='lat' dir='ltr'>pro</span> <span class='ocrx_word' id='word_1_115' title='bbox 662 1859 806 1936; x_wconf 91' lang='lat' dir='ltr'>tempore</span> <span class='ocrx_word' id='word_1_116' title='bbox 829 1851 1012 1928; x_wconf 84' lang='lat' dir='ltr'>existentes,</span> <span class='ocrx_word' id='word_1_117' title='bbox 1034 1853 1165 1917; x_wconf 91' lang='lat' dir='ltr'>nomine</span> <span class='ocrx_word' id='word_1_118' title='bbox 1182 1873 1251 1931; x_wconf 85' lang='lat' dir='ltr'>suo,</span> 
     </span>
     <span class='ocr_line' id='line_1_15' title="bbox 113 1950 1251 2035; baseline 0.002 -20"><span class='ocrx_word' id='word_1_119' title='bbox 113 1952 304 2017; x_wconf 90' lang='lat' dir='ltr'>Monasterii</span> <span class='ocrx_word' id='word_1_120' title='bbox 319 1952 379 2029; x_wconf 88' lang='lat' dir='ltr'>sni,</span> <span class='ocrx_word' id='word_1_121' title='bbox 402 1959 435 2017; x_wconf 92' lang='lat' dir='ltr'>et</span> <span class='ocrx_word' id='word_1_122' title='bbox 454 1951 605 2016; x_wconf 76' lang='lat' dir='ltr'>Ecclesiae</span> <span class='ocrx_word' id='word_1_123' title='bbox 621 1952 673 2035; x_wconf 90' lang='lat' dir='ltr'>(ii)</span> <span class='ocrx_word' id='word_1_124' title='bbox 697 1953 733 2016; x_wconf 92' lang='lat' dir='ltr'>B.</span> <span class='ocrx_word' id='word_1_125' title='bbox 751 1951 863 2015; x_wconf 84' lang='lat' dir='ltr'>Mariae</span> <span class='ocrx_word' id='word_1_126' title='bbox 884 1950 1070 2034; x_wconf 85' lang='lat' dir='ltr'>praedictam</span> <span class='ocrx_word' id='word_1_127' title='bbox 1092 1952 1251 2017; x_wconf 87' lang='lat' dir='ltr'>decimam</span> 
     </span>
     <span class='ocr_line' id='line_1_16' title="bbox 112 2049 1250 2135; baseline 0.003 -21"><span class='ocrx_word' id='word_1_128' title='bbox 112 2071 258 2135; x_wconf 88' lang='lat' dir='ltr'>unquam</span> <span class='ocrx_word' id='word_1_129' title='bbox 280 2072 299 2116; x_wconf 88' lang='lat' dir='ltr'>a</span> <span class='ocrx_word' id='word_1_130' title='bbox 321 2072 439 2116; x_wconf 92' lang='lat' dir='ltr'>novem</span> <span class='ocrx_word' id='word_1_131' title='bbox 461 2050 607 2134; x_wconf 86' lang='lat' dir='ltr'>pertibus</span> <span class='ocrx_word' id='word_1_132' title='bbox 630 2051 790 2115; x_wconf 87' lang='lat' dir='ltr'>dictorum</span> <span class='ocrx_word' id='word_1_133' title='bbox 813 2050 978 2113; x_wconf 83' lang='lat' dir='ltr'>fructuum</span> <span class='ocrx_word' id='word_1_134' title='bbox 997 2049 1038 2115; x_wconf 91' lang='lat' dir='ltr'>de</span> <span class='ocrx_word' id='word_1_135' title='bbox 1053 2050 1148 2116; x_wconf 91' lang='lat' dir='ltr'>dictis</span> <span class='ocrx_word' id='word_1_136' title='bbox 1170 2051 1250 2117; x_wconf 86' lang='lat' dir='ltr'>locis</span> 
     </span>
     <span class='ocr_line' id='line_1_17' title="bbox 112 2148 1250 2233; baseline 0 -19"><span class='ocrx_word' id='word_1_137' title='bbox 112 2154 290 2232; x_wconf 86' lang='lat' dir='ltr'>separatam</span> <span class='ocrx_word' id='word_1_138' title='bbox 307 2157 529 2233; x_wconf 89' lang='lat' dir='ltr'>perceperunt,</span> <span class='ocrx_word' id='word_1_139' title='bbox 544 2149 591 2212; x_wconf 89' lang='lat' dir='ltr'>ita</span> <span class='ocrx_word' id='word_1_140' title='bbox 606 2149 692 2233; x_wconf 89' lang='lat' dir='ltr'>qnod</span> <span class='ocrx_word' id='word_1_141' title='bbox 703 2148 768 2232; x_wconf 89' lang='lat' dir='ltr'>(iii)</span> <span class='ocrx_word' id='word_1_142' title='bbox 779 2169 897 2212; x_wconf 87' lang='lat' dir='ltr'>novem</span> <span class='ocrx_word' id='word_1_143' title='bbox 911 2154 1017 2232; x_wconf 86' lang='lat' dir='ltr'>partes</span> <span class='ocrx_word' id='word_1_144' title='bbox 1028 2158 1250 2215; x_wconf 88' lang='lat' dir='ltr'>remanserunt</span> 
     </span>
     <span class='ocr_line' id='line_1_18' title="bbox 112 2247 1251 2332; baseline 0.002 -21"><span class='ocrx_word' id='word_1_145' title='bbox 112 2269 210 2332; x_wconf 88' lang='lat' dir='ltr'>penes</span> <span class='ocrx_word' id='word_1_146' title='bbox 232 2249 354 2313; x_wconf 86' lang='lat' dir='ltr'>incolas</span> <span class='ocrx_word' id='word_1_147' title='bbox 377 2254 411 2314; x_wconf 93' lang='lat' dir='ltr'>et</span> <span class='ocrx_word' id='word_1_148' title='bbox 431 2248 651 2312; x_wconf 81' lang='lat' dir='ltr'>inhabitantes</span> <span class='ocrx_word' id='word_1_149' title='bbox 673 2247 744 2311; x_wconf 91' lang='lat' dir='ltr'>loca</span> <span class='ocrx_word' id='word_1_150' title='bbox 766 2247 927 2331; x_wconf 86' lang='lat' dir='ltr'>praedicta,</span> <span class='ocrx_word' id='word_1_151' title='bbox 943 2248 1124 2332; x_wconf 88' lang='lat' dir='ltr'>dicitquod</span> <span class='ocrx_word' id='word_1_152' title='bbox 1147 2249 1203 2324; x_wconf 90' lang='lat' dir='ltr'>sic,</span> <span class='ocrx_word' id='word_1_153' title='bbox 1217 2259 1251 2313; x_wconf 92' lang='lat' dir='ltr'>et</span> 
     </span>
     <span class='ocr_line' id='line_1_19' title="bbox 112 2346 1249 2431; baseline 0.002 -21"><span class='ocrx_word' id='word_1_154' title='bbox 112 2346 173 2411; x_wconf 92' lang='lat' dir='ltr'>hoc</span> <span class='ocrx_word' id='word_1_155' title='bbox 188 2367 208 2410; x_wconf 87' lang='lat' dir='ltr'>a</span> <span class='ocrx_word' id='word_1_156' title='bbox 222 2352 365 2431; x_wconf 88' lang='lat' dir='ltr'>ternpore</span> <span class='ocrx_word' id='word_1_157' title='bbox 380 2346 579 2410; x_wconf 86' lang='lat' dir='ltr'>fundationis</span> <span class='ocrx_word' id='word_1_158' title='bbox 590 2346 652 2430; x_wconf 86' lang='lat' dir='ltr'>(iv)</span> <span class='ocrx_word' id='word_1_159' title='bbox 665 2346 856 2410; x_wconf 90' lang='lat' dir='ltr'>Monasterii</span> <span class='ocrx_word' id='word_1_160' title='bbox 872 2346 912 2410; x_wconf 90' lang='grc'>(16</span> <span class='ocrx_word' id='word_1_161' title='bbox 923 2346 1075 2430; x_wconf 90' lang='lat' dir='ltr'>Wyteby,</span> <span class='ocrx_word' id='word_1_162' title='bbox 1089 2353 1127 2410; x_wconf 94' lang='lat' dir='ltr'>ut</span> <span class='ocrx_word' id='word_1_163' title='bbox 1138 2347 1249 2412; x_wconf 89' lang='lat' dir='ltr'>credit.</span> 
     </span>
     <span class='ocr_line' id='line_1_20' title="bbox 113 2444 1250 2530; baseline 0.004 -23"><span class='ocrx_word' id='word_1_164' title='bbox 113 2445 226 2509; x_wconf 85' lang='lat' dir='ltr'>Interr.</span> <span class='ocrx_word' id='word_1_165' title='bbox 242 2444 384 2528; x_wconf 83' lang='lat' dir='ltr'>qualiter</span> <span class='ocrx_word' id='word_1_166' title='bbox 398 2445 467 2509; x_wconf 86' lang='lat' dir='ltr'>haeo</span> <span class='ocrx_word' id='word_1_167' title='bbox 482 2445 553 2521; x_wconf 88' lang='lat' dir='ltr'>scit,</span> <span class='ocrx_word' id='word_1_168' title='bbox 568 2444 648 2508; x_wconf 87' lang='lat' dir='ltr'>dicit</span> <span class='ocrx_word' id='word_1_169' title='bbox 664 2444 750 2528; x_wconf 91' lang='lat' dir='ltr'>quod</span> <span class='ocrx_word' id='word_1_170' title='bbox 764 2444 929 2527; x_wconf 75' lang='lat' dir='ltr'>praemissa</span> <span class='ocrx_word' id='word_1_171' title='bbox 938 2444 1021 2509; x_wconf 93' lang='lat' dir='ltr'>vidit</span> <span class='ocrx_word' id='word_1_172' title='bbox 1035 2466 1092 2528; x_wconf 88' lang='lat' dir='ltr'>pro</span> <span class='ocrx_word' id='word_1_173' title='bbox 1107 2452 1250 2530; x_wconf 85' lang='lat' dir='ltr'>ternpore</span> 
     </span>
     <span class='ocr_line' id='line_1_21' title="bbox 112 2542 1251 2627; baseline 0.002 -19"><span class='ocrx_word' id='word_1_174' title='bbox 112 2564 179 2620; x_wconf 88' lang='lat' dir='ltr'>suo,</span> <span class='ocrx_word' id='word_1_175' title='bbox 205 2550 239 2608; x_wconf 90' lang='lat' dir='ltr'>et</span> <span class='ocrx_word' id='word_1_176' title='bbox 265 2543 306 2608; x_wconf 89' lang='lat' dir='ltr'>de</span> <span class='ocrx_word' id='word_1_177' title='bbox 334 2542 538 2627; x_wconf 87' lang='lat' dir='ltr'>anterio(v)ri</span> <span class='ocrx_word' id='word_1_178' title='bbox 564 2549 708 2626; x_wconf 89' lang='lat' dir='ltr'>tempore</span> <span class='ocrx_word' id='word_1_179' title='bbox 736 2563 795 2626; x_wconf 89' lang='lat' dir='ltr'>per</span> <span class='ocrx_word' id='word_1_180' title='bbox 823 2542 960 2607; x_wconf 86' lang='lat' dir='ltr'>relatum</span> <span class='ocrx_word' id='word_1_181' title='bbox 990 2543 1151 2609; x_wconf 85' lang='lat' dir='ltr'>seniorum</span> <span class='ocrx_word' id='word_1_182' title='bbox 1181 2546 1251 2611; x_wconf 88' lang='lat' dir='ltr'>scit.</span> 
     </span>
     <span class='ocr_line' id='line_1_22' title="bbox 112 2641 1252 2723; baseline 0.003 -18"><span class='ocrx_word' id='word_1_183' title='bbox 112 2642 169 2706; x_wconf 90' lang='lat' dir='ltr'>III</span> <span class='ocrx_word' id='word_1_184' title='bbox 184 2642 523 2707; x_wconf 83' lang='lat' dir='ltr'>Articulus.-Interr.</span> <span class='ocrx_word' id='word_1_185' title='bbox 538 2641 567 2705; x_wconf 85' lang='lat' dir='ltr'>si</span> <span class='ocrx_word' id='word_1_186' title='bbox 589 2661 628 2705; x_wconf 86' lang='lat' dir='ltr'>ea</span> <span class='ocrx_word' id='word_1_187' title='bbox 649 2661 722 2723; x_wconf 84' lang='lat' dir='ltr'>quae</span> <span class='ocrx_word' id='word_1_188' title='bbox 743 2641 951 2705; x_wconf 90' lang='lat' dir='ltr'>continentur</span> <span class='ocrx_word' id='word_1_189' title='bbox 971 2643 1006 2706; x_wconf 92' lang='lat' dir='ltr'>in</span> <span class='ocrx_word' id='word_1_190' title='bbox 1028 2642 1089 2708; x_wconf 93' lang='lat' dir='ltr'>hoc</span> <span class='ocrx_word' id='word_1_191' title='bbox 1111 2644 1252 2708; x_wconf 89' lang='lat' dir='ltr'>secundo</span> 
     </span>
     <span class='ocr_line' id='line_1_23' title="bbox 113 2739 1252 2826; baseline 0.003 -21"><span class='ocrx_word' id='word_1_192' title='bbox 113 2740 261 2805; x_wconf 88' lang='lat' dir='ltr'>Articulo</span> <span class='ocrx_word' id='word_1_193' title='bbox 279 2747 357 2805; x_wconf 92' lang='lat' dir='ltr'>sunt</span> <span class='ocrx_word' id='word_1_194' title='bbox 378 2739 517 2824; x_wconf 86' lang='lat' dir='ltr'>publica,</span> <span class='ocrx_word' id='word_1_195' title='bbox 532 2739 712 2816; x_wconf 82' lang='lat' dir='ltr'>manifesta,</span> <span class='ocrx_word' id='word_1_196' title='bbox 727 2746 760 2804; x_wconf 92' lang='lat' dir='ltr'>et</span> <span class='ocrx_word' id='word_1_197' title='bbox 783 2741 907 2805; x_wconf 85' lang='lat' dir='ltr'>notoria</span> <span class='ocrx_word' id='word_1_198' title='bbox 921 2741 956 2804; x_wconf 94' lang='lat' dir='ltr'>in</span> <span class='ocrx_word' id='word_1_199' title='bbox 978 2742 1188 2826; x_wconf 85' lang='lat' dir='ltr'>parti(vi)bus</span> <span class='ocrx_word' id='word_1_200' title='bbox 1211 2744 1252 2808; x_wconf 89' lang='grc'>(16</span> 
     </span>
     <span class='ocr_line' id='line_1_24' title="bbox 115 2838 1251 2925; baseline 0.002 -21"><span class='ocrx_word' id='word_1_201' title='bbox 115 2840 256 2924; x_wconf 83' lang='lat' dir='ltr'>Wyteby</span> <span class='ocrx_word' id='word_1_202' title='bbox 278 2840 405 2915; x_wconf 88' lang='lat' dir='ltr'>Strand,</span> <span class='ocrx_word' id='word_1_203' title='bbox 427 2845 461 2903; x_wconf 91' lang='lat' dir='ltr'>et</span> <span class='ocrx_word' id='word_1_204' title='bbox 482 2838 556 2903; x_wconf 87' lang='lat' dir='ltr'>aliis</span> <span class='ocrx_word' id='word_1_205' title='bbox 578 2839 657 2904; x_wconf 89' lang='lat' dir='ltr'>locis</span> <span class='ocrx_word' id='word_1_206' title='bbox 680 2839 806 2916; x_wconf 84' lang='lat' dir='ltr'>vicinis,</span> <span class='ocrx_word' id='word_1_207' title='bbox 828 2839 908 2904; x_wconf 89' lang='lat' dir='ltr'>dicit</span> <span class='ocrx_word' id='word_1_208' title='bbox 929 2841 1015 2925; x_wconf 90' lang='lat' dir='ltr'>quod</span> <span class='ocrx_word' id='word_1_209' title='bbox 1037 2842 1092 2906; x_wconf 88' lang='lat' dir='ltr'>sic.</span> <span class='ocrx_word' id='word_1_210' title='bbox 1138 2843 1251 2906; x_wconf 91' lang='lat' dir='ltr'>Interr.</span> 
     </span>
     <span class='ocr_line' id='line_1_25' title="bbox 112 2937 1251 3024; baseline 0.004 -22"><span class='ocrx_word' id='word_1_211' title='bbox 112 2938 253 3024; x_wconf 88' lang='lat' dir='ltr'>qualiter</span> <span class='ocrx_word' id='word_1_212' title='bbox 275 2937 336 3002; x_wconf 88' lang='lat' dir='ltr'>hoo</span> <span class='ocrx_word' id='word_1_213' title='bbox 359 2938 429 3014; x_wconf 89' lang='lat' dir='ltr'>scit,</span> <span class='ocrx_word' id='word_1_214' title='bbox 455 2937 545 3015; x_wconf 88' lang='lat' dir='ltr'>dicit,</span> <span class='ocrx_word' id='word_1_215' title='bbox 571 2958 629 3021; x_wconf 90' lang='lat' dir='ltr'>per</span> <span class='ocrx_word' id='word_1_216' title='bbox 651 2938 721 3015; x_wconf 88' lang='lat' dir='ltr'>hoc,</span> <span class='ocrx_word' id='word_1_217' title='bbox 736 2938 823 3021; x_wconf 91' lang='lat' dir='ltr'>quod</span> <span class='ocrx_word' id='word_1_218' title='bbox 847 2960 910 3003; x_wconf 84' lang='lat' dir='ltr'>vox</span> <span class='ocrx_word' id='word_1_219' title='bbox 936 2939 1067 3022; x_wconf 84' lang='lat' dir='ltr'>publico</span> <span class='ocrx_word' id='word_1_220' title='bbox 1093 2941 1167 3024; x_wconf 88' lang='lat' dir='ltr'>(vii)</span> <span class='ocrx_word' id='word_1_221' title='bbox 1190 2941 1251 3006; x_wconf 90' lang='lat' dir='ltr'>hoo</span> 
     </span>
     <span class='ocr_line' id='line_1_26' title="bbox 114 3036 1250 3120; baseline 0.002 -18"><span class='ocrx_word' id='word_1_222' title='bbox 114 3041 253 3102; x_wconf 84' lang='lat' dir='ltr'>testatur</span> <span class='ocrx_word' id='word_1_223' title='bbox 267 3037 419 3120; x_wconf 91' lang='lat' dir='ltr'>quotiens</span> <span class='ocrx_word' id='word_1_224' title='bbox 434 3036 474 3101; x_wconf 97' lang='grc'>(16</span> <span class='ocrx_word' id='word_1_225' title='bbox 489 3037 663 3119; x_wconf 86' lang='lat' dir='ltr'>praemissis</span> <span class='ocrx_word' id='word_1_226' title='bbox 679 3036 816 3100; x_wconf 85' lang='lat' dir='ltr'>habetur</span> <span class='ocrx_word' id='word_1_227' title='bbox 831 3043 988 3102; x_wconf 87' lang='lat' dir='ltr'>tractatus</span> <span class='ocrx_word' id='word_1_228' title='bbox 1003 3039 1089 3103; x_wconf 90' lang='lat' dir='ltr'>inter</span> <span class='ocrx_word' id='word_1_229' title='bbox 1104 3038 1250 3104; x_wconf 90' lang='lat' dir='ltr'>homines</span> 
     </span>
     <span class='ocr_line' id='line_1_27' title="bbox 112 3136 1250 3221; baseline -0.001 -19"><span class='ocrx_word' id='word_1_230' title='bbox 112 3136 204 3202; x_wconf 90' lang='lat' dir='ltr'>illius</span> <span class='ocrx_word' id='word_1_231' title='bbox 225 3137 346 3220; x_wconf 87' lang='lat' dir='ltr'>patriae.</span> <span class='ocrx_word' id='word_1_232' title='bbox 393 3137 507 3201; x_wconf 89' lang='lat' dir='ltr'>Interr.</span> <span class='ocrx_word' id='word_1_233' title='bbox 523 3136 603 3219; x_wconf 90' lang='lat' dir='ltr'>quid</span> <span class='ocrx_word' id='word_1_234' title='bbox 624 3136 668 3200; x_wconf 90' lang='lat' dir='ltr'>sit</span> <span class='ocrx_word' id='word_1_235' title='bbox 689 3136 867 3218; x_wconf 87' lang='lat' dir='ltr'>publicum,</span> <span class='ocrx_word' id='word_1_236' title='bbox 889 3137 967 3220; x_wconf 90' lang='lat' dir='ltr'>quid</span> <span class='ocrx_word' id='word_1_237' title='bbox 991 3137 1250 3221; x_wconf 87' lang='lat' dir='ltr'>no(viii)toriun1,</span> 
     </span>
     <span class='ocr_line' id='line_1_28' title="bbox 113 3234 1251 3321; baseline 0.002 -22"><span class='ocrx_word' id='word_1_238' title='bbox 113 3235 193 3319; x_wconf 90' lang='lat' dir='ltr'>quid</span> <span class='ocrx_word' id='word_1_239' title='bbox 215 3235 433 3311; x_wconf 86' lang='lat' dir='ltr'>manifestum,</span> <span class='ocrx_word' id='word_1_240' title='bbox 449 3234 538 3312; x_wconf 85' lang='lat' dir='ltr'>dicit,</span> <span class='ocrx_word' id='word_1_241' title='bbox 553 3236 639 3318; x_wconf 89' lang='lat' dir='ltr'>quod</span> <span class='ocrx_word' id='word_1_242' title='bbox 662 3242 781 3299; x_wconf 89' lang='lat' dir='ltr'>certam</span> <span class='ocrx_word' id='word_1_243' title='bbox 798 3235 1012 3301; x_wconf 86' lang='lat' dir='ltr'>differentiam</span> <span class='ocrx_word' id='word_1_244' title='bbox 1034 3238 1139 3301; x_wconf 88' lang='lat' dir='ltr'>nescit</span> <span class='ocrx_word' id='word_1_245' title='bbox 1153 3237 1251 3321; x_wconf 85' lang='lat' dir='ltr'>assig-</span> 
     </span>
     <span class='ocr_line' id='line_1_29' title="bbox 114 3333 471 3410; baseline 0 -12"><span class='ocrx_word' id='word_1_246' title='bbox 114 3355 200 3410; x_wconf 88' lang='lat' dir='ltr'>nare,</span> <span class='ocrx_word' id='word_1_247' title='bbox 215 3355 289 3398; x_wconf 89' lang='lat' dir='ltr'>cum</span> <span class='ocrx_word' id='word_1_248' title='bbox 304 3334 348 3399; x_wconf 93' lang='lat' dir='ltr'>sit</span> <span class='ocrx_word' id='word_1_249' title='bbox 362 3333 471 3399; x_wconf 81' lang='lat' dir='ltr'>laicus.</span> 
     </span>
    </p>

    <p class='ocr_par' dir='ltr' id='par_1_6' title="bbox 114 3429 1254 4504">
     <span class='ocr_line' id='line_1_30' title="bbox 159 3429 1251 3517; baseline 0.004 -21"><span class='ocrx_word' id='word_1_250' title='bbox 159 3429 243 3497; x_wconf 90' lang='lat' dir='ltr'><strong>IIII.</strong></span> <span class='ocrx_word' id='word_1_251' title='bbox 277 3433 380 3517; x_wconf 89' lang='lat' dir='ltr'>Super</span> <span class='ocrx_word' id='word_1_252' title='bbox 409 3444 524 3516; x_wconf 88' lang='lat' dir='ltr'>quarto</span> <span class='ocrx_word' id='word_1_253' title='bbox 553 3433 702 3497; x_wconf 84' lang='lat' dir='ltr'>Articulo</span> <span class='ocrx_word' id='word_1_254' title='bbox 731 3433 980 3498; x_wconf 76' lang='lat' dir='ltr'>interr—videl.</span> <span class='ocrx_word' id='word_1_255' title='bbox 1011 3455 1052 3500; x_wconf 84' lang='lat' dir='ltr'>an</span> <span class='ocrx_word' id='word_1_256' title='bbox 1082 3441 1181 3499; x_wconf 89' lang='lat' dir='ltr'>testes</span> <span class='ocrx_word' id='word_1_257' title='bbox 1210 3456 1251 3500; x_wconf 87' lang='lat' dir='ltr'>ex</span> 
     </span>
     <span class='ocr_line' id='line_1_31' title="bbox 114 3531 1251 3616; baseline 0.003 -20"><span class='ocrx_word' id='word_1_258' title='bbox 114 3539 204 3615; x_wconf 86' lang='lat' dir='ltr'>parte</span> <span class='ocrx_word' id='word_1_259' title='bbox 234 3532 319 3616; x_wconf 86' lang='lat' dir='ltr'>Mag.</span> <span class='ocrx_word' id='word_1_260' title='bbox 350 3531 521 3609; x_wconf 88' lang='lat' dir='ltr'>Johannis,</span> <span class='ocrx_word' id='word_1_261' title='bbox 551 3533 586 3595; x_wconf 95' lang='lat' dir='ltr'>in</span> <span class='ocrx_word' id='word_1_262' title='bbox 622 3553 719 3596; x_wconf 86' lang='lat' dir='ltr'>eausa</span> <span class='ocrx_word' id='word_1_263' title='bbox 748 3553 814 3596; x_wconf 86' lang='lat' dir='ltr'>snae</span> <span class='ocrx_word' id='word_1_264' title='bbox 844 3532 1066 3597; x_wconf 90' lang='lat' dir='ltr'>conventionis</span> <span class='ocrx_word' id='word_1_265' title='bbox 1095 3533 1251 3616; x_wconf 85' lang='lat' dir='ltr'>producti,</span> 
     </span>
     <span class='ocr_line' id='line_1_32' title="bbox 114 3629 1251 3715; baseline 0.005 -23"><span class='ocrx_word' id='word_1_266' title='bbox 114 3629 234 3694; x_wconf 82' lang='lat' dir='ltr'>falsum</span> <span class='ocrx_word' id='word_1_267' title='bbox 249 3630 403 3694; x_wconf 80' lang='lat' dir='ltr'>dixerunt</span> <span class='ocrx_word' id='word_1_268' title='bbox 419 3629 472 3694; x_wconf 89' lang='lat' dir='ltr'>vel</span> <span class='ocrx_word' id='word_1_269' title='bbox 487 3651 607 3707; x_wconf 91' lang='lat' dir='ltr'>verum,</span> <span class='ocrx_word' id='word_1_270' title='bbox 623 3630 703 3694; x_wconf 91' lang='lat' dir='ltr'>dicit</span> <span class='ocrx_word' id='word_1_271' title='bbox 718 3631 804 3715; x_wconf 91' lang='lat' dir='ltr'>quod</span> <span class='ocrx_word' id='word_1_272' title='bbox 820 3632 924 3695; x_wconf 88' lang='lat' dir='ltr'>nescit</span> <span class='ocrx_word' id='word_1_273' title='bbox 938 3630 1018 3714; x_wconf 89' lang='lat' dir='ltr'>quid</span> <span class='ocrx_word' id='word_1_274' title='bbox 1033 3631 1203 3713; x_wconf 79' lang='lat' dir='ltr'>dixerunt3</span> <span class='ocrx_word' id='word_1_275' title='bbox 1218 3641 1251 3698; x_wconf 90' lang='lat' dir='ltr'>et</span> 
     </span>
     <span class='ocr_line' id='line_1_33' title="bbox 114 3727 1253 3816; baseline 0.004 -25"><span class='ocrx_word' id='word_1_276' title='bbox 114 3728 143 3791; x_wconf 90' lang='lat' dir='ltr'>si</span> <span class='ocrx_word' id='word_1_277' title='bbox 158 3727 311 3793; x_wconf 85' lang='lat' dir='ltr'>dixerunt</span> <span class='ocrx_word' id='word_1_278' title='bbox 326 3729 412 3812; x_wconf 93' lang='lat' dir='ltr'>quod</span> <span class='ocrx_word' id='word_1_279' title='bbox 429 3728 608 3793; x_wconf 82' lang='lat' dir='ltr'>manerium</span> <span class='ocrx_word' id='word_1_280' title='bbox 625 3729 665 3793; x_wconf 92' lang='lat' dir='ltr'>de</span> <span class='ocrx_word' id='word_1_281' title='bbox 681 3730 851 3813; x_wconf 85' lang='lat' dir='ltr'>Stakesby,</span> <span class='ocrx_word' id='word_1_282' title='bbox 866 3740 899 3795; x_wconf 90' lang='lat' dir='ltr'>et</span> <span class='ocrx_word' id='word_1_283' title='bbox 913 3730 999 3794; x_wconf 88' lang='lat' dir='ltr'>villae</span> <span class='ocrx_word' id='word_1_284' title='bbox 1014 3731 1054 3794; x_wconf 92' lang='lat' dir='ltr'>de</span> <span class='ocrx_word' id='word_1_285' title='bbox 1069 3732 1253 3816; x_wconf 80' lang='lat' dir='ltr'>Ryeewarp,</span> 
     </span>
     <span class='ocr_line' id='line_1_34' title="bbox 115 3826 1253 3913; baseline 0.005 -23"><span class='ocrx_word' id='word_1_286' title='bbox 115 3826 275 3903; x_wconf 83' lang='lat' dir='ltr'>Neuham,</span> <span class='ocrx_word' id='word_1_287' title='bbox 291 3835 324 3891; x_wconf 89' lang='lat' dir='ltr'>et</span> <span class='ocrx_word' id='word_1_288' title='bbox 338 3848 412 3910; x_wconf 85' lang='lat' dir='ltr'>pers</span> <span class='ocrx_word' id='word_1_289' title='bbox 434 3827 642 3892; x_wconf 82' lang='lat' dir='ltr'>occidentalis</span> <span class='ocrx_word' id='word_1_290' title='bbox 658 3828 746 3892; x_wconf 78' lang='lat' dir='ltr'>villae</span> <span class='ocrx_word' id='word_1_291' title='bbox 760 3829 800 3893; x_wconf 91' lang='lat' dir='ltr'>de</span> <span class='ocrx_word' id='word_1_292' title='bbox 815 3829 957 3913; x_wconf 87' lang='lat' dir='ltr'>Wyteby</span> <span class='ocrx_word' id='word_1_293' title='bbox 972 3836 1049 3893; x_wconf 88' lang='lat' dir='ltr'>sunt</span> <span class='ocrx_word' id='word_1_294' title='bbox 1064 3836 1098 3894; x_wconf 90' lang='lat' dir='ltr'>et</span> <span class='ocrx_word' id='word_1_295' title='bbox 1120 3831 1253 3896; x_wconf 88' lang='lat' dir='ltr'>fuerunt</span> 
     </span>
     <span class='ocr_line' id='line_1_35' title="bbox 115 3925 1254 4012; baseline 0.004 -23"><span class='ocrx_word' id='word_1_296' title='bbox 115 3925 155 3989; x_wconf 89' lang='lat' dir='ltr'>de</span> <span class='ocrx_word' id='word_1_297' title='bbox 171 3925 263 3990; x_wconf 88' lang='lat' dir='ltr'>feodo</span> <span class='ocrx_word' id='word_1_298' title='bbox 278 3933 312 3990; x_wconf 90' lang='lat' dir='ltr'>et</span> <span class='ocrx_word' id='word_1_299' title='bbox 327 3926 459 3990; x_wconf 90' lang='lat' dir='ltr'>baronia</span> <span class='ocrx_word' id='word_1_300' title='bbox 474 3926 514 3991; x_wconf 92' lang='lat' dir='ltr'>de</span> <span class='ocrx_word' id='word_1_301' title='bbox 525 3926 704 4011; x_wconf 85' lang='lat' dir='ltr'>Mulgrave,</span> <span class='ocrx_word' id='word_1_302' title='bbox 715 3928 750 3991; x_wconf 91' lang='lat' dir='ltr'>in</span> <span class='ocrx_word' id='word_1_303' title='bbox 761 3928 821 3992; x_wconf 86' lang='lat' dir='ltr'>hoa</span> <span class='ocrx_word' id='word_1_304' title='bbox 830 3929 951 4012; x_wconf 90' lang='lat' dir='ltr'>perjuri</span> <span class='ocrx_word' id='word_1_305' title='bbox 962 3928 1081 3993; x_wconf 77' lang='lat' dir='ltr'>falsum</span> <span class='ocrx_word' id='word_1_306' title='bbox 1092 3929 1254 4010; x_wconf 85' lang='lat' dir='ltr'>dixerunt,</span> 
     </span>
     <span class='ocr_line' id='line_1_36' title="bbox 115 4026 1252 4110; baseline 0.006 -22"><span class='ocrx_word' id='word_1_307' title='bbox 115 4044 190 4088; x_wconf 86' lang='lat' dir='ltr'>cum</span> <span class='ocrx_word' id='word_1_308' title='bbox 219 4030 306 4101; x_wconf 92' lang='lat' dir='ltr'>sunt,</span> <span class='ocrx_word' id='word_1_309' title='bbox 331 4031 364 4089; x_wconf 90' lang='lat' dir='ltr'>et</span> <span class='ocrx_word' id='word_1_310' title='bbox 394 4046 521 4108; x_wconf 88' lang='lat' dir='ltr'>semper</span> <span class='ocrx_word' id='word_1_311' title='bbox 549 4026 682 4091; x_wconf 85' lang='lat' dir='ltr'>fuerunt</span> <span class='ocrx_word' id='word_1_312' title='bbox 711 4026 752 4090; x_wconf 89' lang='lat' dir='ltr'>de</span> <span class='ocrx_word' id='word_1_313' title='bbox 782 4026 875 4092; x_wconf 89' lang='lat' dir='ltr'>feodo</span> <span class='ocrx_word' id='word_1_314' title='bbox 905 4028 945 4093; x_wconf 94' lang='lat' dir='ltr'>de</span> <span class='ocrx_word' id='word_1_315' title='bbox 971 4029 1081 4110; x_wconf 85' lang='lat' dir='ltr'>Percy.</span> <span class='ocrx_word' id='word_1_316' title='bbox 1136 4029 1252 4095; x_wconf 89' lang='lat' dir='ltr'>Interr.</span> 
     </span>
     <span class='ocr_line' id='line_1_37' title="bbox 115 4120 1253 4209; baseline 0.006 -25"><span class='ocrx_word' id='word_1_317' title='bbox 115 4120 254 4206; x_wconf 85' lang='lat' dir='ltr'>qualiter</span> <span class='ocrx_word' id='word_1_318' title='bbox 268 4122 329 4187; x_wconf 87' lang='lat' dir='ltr'>hoo</span> <span class='ocrx_word' id='word_1_319' title='bbox 344 4123 415 4200; x_wconf 90' lang='lat' dir='ltr'>scit,</span> <span class='ocrx_word' id='word_1_320' title='bbox 430 4123 520 4201; x_wconf 88' lang='lat' dir='ltr'>dicit,</span> <span class='ocrx_word' id='word_1_321' title='bbox 534 4124 622 4207; x_wconf 92' lang='lat' dir='ltr'>quod</span> <span class='ocrx_word' id='word_1_322' title='bbox 643 4145 704 4209; x_wconf 87' lang='lat' dir='ltr'>per</span> <span class='ocrx_word' id='word_1_323' title='bbox 715 4126 853 4189; x_wconf 88' lang='lat' dir='ltr'>relatum</span> <span class='ocrx_word' id='word_1_324' title='bbox 868 4125 996 4191; x_wconf 83' lang='lat' dir='ltr'>vieiniae</span> <span class='ocrx_word' id='word_1_325' title='bbox 1011 4132 1045 4190; x_wconf 90' lang='lat' dir='ltr'>et</span> <span class='ocrx_word' id='word_1_326' title='bbox 1066 4126 1253 4209; x_wconf 83' lang='lat' dir='ltr'>popularem</span> 
     </span>
     <span class='ocr_line' id='line_1_38' title="bbox 115 4220 1253 4307; baseline 0.004 -23"><span class='ocrx_word' id='word_1_327' title='bbox 115 4220 244 4298; x_wconf 87' lang='lat' dir='ltr'>famam,</span> <span class='ocrx_word' id='word_1_328' title='bbox 270 4229 304 4286; x_wconf 95' lang='lat' dir='ltr'>et</span> <span class='ocrx_word' id='word_1_329' title='bbox 329 4241 395 4284; x_wconf 92' lang='lat' dir='ltr'>non</span> <span class='ocrx_word' id='word_1_330' title='bbox 420 4221 484 4286; x_wconf 85' lang='lat' dir='ltr'>alio</span> <span class='ocrx_word' id='word_1_331' title='bbox 507 4222 610 4287; x_wconf 94' lang='lat' dir='ltr'>modo.</span> <span class='ocrx_word' id='word_1_332' title='bbox 656 4224 740 4286; x_wconf 86' lang='lat' dir='ltr'>Item</span> <span class='ocrx_word' id='word_1_333' title='bbox 766 4223 794 4288; x_wconf 89' lang='lat' dir='ltr'>si</span> <span class='ocrx_word' id='word_1_334' title='bbox 824 4223 976 4288; x_wconf 88' lang='lat' dir='ltr'>dixerunt</span> <span class='ocrx_word' id='word_1_335' title='bbox 1004 4223 1090 4307; x_wconf 88' lang='lat' dir='ltr'>quod</span> <span class='ocrx_word' id='word_1_336' title='bbox 1119 4225 1253 4307; x_wconf 88' lang='lat' dir='ltr'>quidam</span> 
     </span>
     <span class='ocr_line' id='line_1_39' title="bbox 115 4319 1253 4407; baseline 0.002 -24"><span class='ocrx_word' id='word_1_337' title='bbox 115 4319 300 4384; x_wconf 89' lang='lat' dir='ltr'>Willelmus</span> <span class='ocrx_word' id='word_1_338' title='bbox 315 4319 451 4383; x_wconf 85' lang='lat' dir='ltr'>Fossard</span> <span class='ocrx_word' id='word_1_339' title='bbox 467 4321 654 4397; x_wconf 88' lang='lat' dir='ltr'>manerium,</span> <span class='ocrx_word' id='word_1_340' title='bbox 663 4320 765 4398; x_wconf 85' lang='lat' dir='ltr'>villas,</span> <span class='ocrx_word' id='word_1_341' title='bbox 775 4328 809 4386; x_wconf 91' lang='lat' dir='ltr'>et</span> <span class='ocrx_word' id='word_1_342' title='bbox 822 4330 946 4405; x_wconf 88' lang='lat' dir='ltr'>partem</span> <span class='ocrx_word' id='word_1_343' title='bbox 958 4322 1045 4387; x_wconf 72' lang='lat' dir='ltr'>villae</span> <span class='ocrx_word' id='word_1_344' title='bbox 1059 4323 1099 4386; x_wconf 89' lang='lat' dir='ltr'>de</span> <span class='ocrx_word' id='word_1_345' title='bbox 1111 4322 1253 4407; x_wconf 84' lang='lat' dir='ltr'>Wyteby</span> 
     </span>
     <span class='ocr_line' id='line_1_40' title="bbox 116 4418 1253 4504; baseline 0.004 -22"><span class='ocrx_word' id='word_1_346' title='bbox 116 4418 286 4501; x_wconf 65' lang='lat' dir='ltr'>praedictas</span> <span class='ocrx_word' id='word_1_347' title='bbox 315 4418 545 4503; x_wconf 84' lang='lat' dir='ltr'>impignoravit</span> <span class='ocrx_word' id='word_1_348' title='bbox 568 4420 733 4484; x_wconf 85' lang='lat' dir='ltr'>monachis</span> <span class='ocrx_word' id='word_1_349' title='bbox 760 4420 800 4485; x_wconf 90' lang='lat' dir='ltr'>de</span> <span class='ocrx_word' id='word_1_350' title='bbox 821 4421 975 4504; x_wconf 87' lang='lat' dir='ltr'>Wyteby,</span> <span class='ocrx_word' id='word_1_351' title='bbox 997 4421 1084 4498; x_wconf 90' lang='lat' dir='ltr'>dicit,</span> <span class='ocrx_word' id='word_1_352' title='bbox 1106 4420 1192 4504; x_wconf 90' lang='lat' dir='ltr'>quod</span> <span class='ocrx_word' id='word_1_353' title='bbox 1217 4422 1253 4486; x_wconf 94' lang='lat' dir='ltr'>in</span> 
     </span>
    </p>
   </div>
   <div class='ocr_carea' id='block_1_5' title="bbox 0 0 1470 4980">
    <p class='ocr_par' dir='ltr' id='par_1_7' title="bbox 0 0 1470 4980">
     <span class='ocr_line' id='line_1_41' title="bbox 0 0 1470 4980; baseline 0 0"><span class='ocrx_word' id='word_1_354' title='bbox 0 0 1470 4980; x_wconf 95' lang='lat' dir='ltr'> </span> 
     </span>
    </p>
   </div>
  </div>
 </body>
</html>
