2918 4980
277 499 553 553 assummum
572 501 774 553 ABBATHIAE
792 501 841 552 Da
859 502 1044 553 WHITEBY.
1168 490 1229 548 629

95 663 187 728 Ebor.
205 663 357 740 Ecclesia,
376 686 482 729 coram
499 664 637 730 Officiali
652 665 744 730 Ebor.
762 672 795 730 et
810 666 1045 730 Archidiaoono
1068 665 1233 749 Notingh,

95 764 330 828 commissoriis
353 765 470 829 nostris
496 765 692 849 specialibus
715 766 751 829 in
773 766 835 830 hac
856 771 948 849 parte
971 765 1012 829 ad
1033 765 1232 849 probandam

94 863 317 945 exceptionem
331 864 528 948 predictam,
543 872 575 928 et
590 865 631 928 ad
647 865 830 929 iaciendum
846 871 879 929 ct
901 864 1120 950 recipiendum
1136 884 1232 948 super

94 959 256 1039 exhibitis,
271 968 304 1028 et
319 963 454 1028 ulterius
469 963 504 1027 in
518 964 646 1048 negotio
661 963 748 1048 quod
760 964 890 1047 justitia
905 964 1062 1029 suadebit.

299 1163 472 1229 DXOVII.
495 1163 702 1248 (Grenefield,
718 1163 784 1241 89¹²,
798 1165 933 1229 inserted
946 1165 1032 1248 slep.)

139 1297 324 1364 Willelmus
350 1300 426 1364 Div.
441 1301 584 1384 permiss.
606 1302 699 1366 Ebor.
715 1301 905 1385 Archiep’ua
930 1308 988 1366 etc.
1013 1300 1131 1364 dilecto
1155 1300 1232 1376 filio,

95 1396 217 1461 Abbati
225 1398 266 1462 de
277 1399 443 1483 Whiteby,
454 1421 488 1478 s,
498 1422 542 1485 gr.
555 1408 588 1466 et
598 1401 864 1466 benedictionem.
894 1402 944 1464 De
954 1402 1052 1466 fratre
1062 1399 1232 1464 Thoma'de

96 1495 274 1575 Wilmrle,
284 1499 441 1563 monacho
454 1500 568 1563 Mon'ii
590 1499 631 1565 de
653 1499 778 1582 Seleby,
789 1520 895 1583 quem,
910 1521 951 1564 ex
966 1501 1062 1564 certis
1077 1499 1182 1563 causis
1197 1498 1232 1561 in

95 1594 290 1661 Visitatione
302 1598 557 1664 nostradedicto
566 1598 688 1664 Mon'io
700 1599 818 1683 deipso
830 1599 1009 1683 compertis,
1021 1599 1233 1663 adMon’ium

96 1700 239 1759 vestrum
254 1717 312 1780 pro
327 1697 431 1762 salute
448 1698 577 1782 [animae
591 1699 719 1782 abaci]
731 1718 788 1781 per
798 1703 924 1762 nostras
938 1697 1065 1762 litteras
1076 1697 1167 1761 vobis
1183 1696 1232 1759 in-

96 1793 239 1859 sinuatas
254 1795 336 1860 inibi
351 1796 530 1882 peragenda
541 1818 599 1862 nos
610 1797 817 1861 meminimus
827 1797 1012 1873 destinasse,
1023 1817 1088 1861 non
1097 1796 1167 1860 sine
1179 1815 1233 1859 ve-

96 1891 239 1957 hementi
250 1895 460 1961 admiratione
469 1895 845 1981 accepimushiisdiebus
854 1896 941 1980 quod
952 1896 1039 1960 idem
1049 1895 1234 1969 monachus,

96 1991 216 2076 absque
226 1999 335 2059 nostra
343 1995 483 2072 licentia,
493 2002 604 2059 contra
613 1995 802 2059 mandatum
812 2001 958 2059 nostrum
967 1995 1059 2059 vobis
1068 2014 1165 2077 super
1173 1994 1234 2057 hoc

97 2093 264 2171 directum,
290 2101 349 2158 aut
372 2116 431 2159 sua
458 2095 587 2179 propria
615 2093 806 2170 temeritate,
832 2100 889 2158 aut
914 2100 1022 2158 vestra
1050 2092 1234 2157 inconsulta

97 2191 261 2269 facilitate,
276 2193 317 2257 ad
332 2214 428 2257 suum
443 2193 677 2257 Monaaterium
692 2213 710 2258 e
726 2192 792 2276 [aot
803 2193 927 2276 lapidata}
976 2192 1132 2270 Quocirca
1143 2192 1234 2256 vobis

98 2290 132 2353 in
148 2291 268 2355 virtute
290 2292 479 2357 obedientiae
501 2291 635 2356 firmiter
655 2291 853 2374 injungendo
875 2290 1066 2354 mandamus
1080 2289 1234 2374 quatinus

99 2388 237 2452 eundem
261 2389 464 2467 monachum,
478 2411 575 2474 quem
590 2396 746 2473 tanquam
769 2388 997 2453 inobedientiae
1011 2388 1172 2473 apostasia
1186 2408 1233 2453 re-

96 2507 241 2570 spersum
263 2488 377 2553 advos
398 2489 593 2554 remittimus
608 2488 648 2553 ad
663 2487 880 2572 peragendum
901 2488 1057 2553 intervos
1071 2487 1151 2552 alias
1172 2486 1236 2551 sibi

97 2607 153 2670 per
182 2607 240 2651 nos
269 2588 448 2670 injunctam
480 2588 706 2672 poenitentiam
735 2587 923 2652 admittatis.
969 2587 1074 2665 Quem
1103 2586 1235 2670 insuper

96 2685 200 2749 tribus
215 2685 327 2750 diebus
345 2687 381 2749 in
395 2688 585 2770 septimana,
600 2687 660 2750 viz.
676 2686 728 2750 die
751 2686 859 2763 Lunae,
875 2686 1028 2751 Mercurii
1042 2694 1076 2750 et
1090 2685 1235 2761 Veneris,

95 2805 153 2867 pro
168 2785 329 2868 predictae
351 2787 578 2852 inobedientia
599 2792 677 2851 nota
692 2806 790 2850 unam
807 2786 920 2850 diebus
936 2786 1072 2870 singulis
1087 2806 1106 2849 a
1121 2786 1233 2849 Praesi-

97 2884 192 2948 dente
214 2886 354 2969 recipere
369 2885 520 2950 volumus
535 2885 750 2969 disciplinam.
794 2885 838 2948 Et
852 2885 1083 2950 nichilominus
1098 2884 1130 2947 ei
1143 2889 1235 2968 septa

97 2983 287 3047 Monasterii
301 2984 485 3066 egrediendi
499 2985 569 3048 sine
580 2988 688 3048 vestra
702 2983 834 3067 speciali
848 2982 980 3048 licentia
993 3003 1120 3047 omnem
1136 2983 1235 3047 inter·

97 3080 235 3145 dicimus
258 3082 457 3157 facilitatem,
472 3083 533 3145 sub
548 3101 645 3165 poena
666 3100 787 3144 excom
803 3082 943 3164 majoris,
959 3082 1101 3165 quamsi
1124 3088 1236 3146 contra

97 3181 261 3263 praemissa
275 3181 402 3243 venerit
417 3181 451 3242 in
466 3180 570 3262 ipsius
585 3199 753 3263 personam
770 3178 836 3262 [aot
851 3180 967 3263 lapiblc]
990 3181 1182 3264 proferimus
1200 3181 1235 3243 in

96 3280 161 3342 hiis
176 3279 312 3362 scriptis.
358 3278 508 3342 Vestram
530 3284 648 3353 autem,
662 3278 745 3340 D’ne
766 3277 887 3353 Abbas,
901 3278 1117 3342 inconsultam
1132 3279 1234 3343 facili-

95 3384 197 3443 tatem
219 3377 248 3441 si
270 3378 357 3441 dicto
380 3378 546 3455 monacho,
568 3376 661 3441 nobis
682 3375 886 3454 inconsultis,
908 3376 1043 3441 dedistis
1068 3377 1235 3441 licentiam

97 3479 164 3561 [aot
179 3478 296 3561 tcpablc]
308 3478 404 3560 juxta
419 3477 531 3542 delicti
544 3476 735 3562 qualitatem
750 3495 806 3558 pro
821 3474 891 3540 loco
907 3477 973 3561 [aot
988 3476 1106 3560 lepablc]
1121 3477 1234 3560 punie-

97 3598 176 3641 mus.
221 3577 342 3642 Valete.
387 3577 511 3641 Datum
531 3577 617 3661 apud
633 3573 859 3660 Styvelingflet
879 3577 926 3641 xii
941 3576 1071 3641 (laland
1088 3577 1235 3643 Octobris

98 3676 214 3740 Pontis.
233 3677 333 3741 nostri
347 3678 452 3741 Anno.
476 3727 483 3741 .
507 3727 513 3740 .
538 3727 544 3742 .

397 3863 588 3929 DXOVIII.
613 3863 820 3948 (Grenefield,
835 3865 855 3928 f.
875 3866 938 3946 93.)

97 4001 239 4064 limnas
253 4016 395 4064 orarem
409 4001 538 4065 Asaarr
553 4016 597 4063 nn
611 4001 777 4064 Wrnrnm
788 4015 877 4073 ouon
892 4015 1060 4063 aounrsr
1075 3999 1234 4064 Faunus-

156 4114 226 4164 cou
240 4116 284 4163 nn
299 4099 445 4176 Kronou,
461 4100 726 4164 Counonacnou
740 4115 784 4163 nn
798 4099 973 4176 Wrrrrnar,
988 4114 1189 4162 arosramu.

141 4248 324 4313 Willelmus
350 4256 410 4315 etc.
436 4249 554 4314 dilecto
580 4250 655 4327 filio,
680 4249 803 4314 Abbati
829 4249 869 4313 de
894 4249 1059 4332 Whiteby,
1088 4249 1236 4326 salutem,

97 4348 234 4433 gratiam
249 4354 282 4412 et
297 4347 561 4414 benedictionem.
610 4349 701 4413 Inter
722 4354 853 4413 caeteras
869 4348 1094 4432 occupationes
1108 4348 1236 4430 quibus,

97 4469 137 4514 ex
160 4446 312 4530 pastorali
334 4446 562 4526 sollicitudine,
583 4447 840 4532 constringimur,
862 4447 951 4511 illam
974 4446 1134 4511 cernimus
1156 4466 1235 4529 prae-

142 4562 215 4611 von.
231 4563 265 4610 11.
1089 4560 1106 4607 s
