2918 4980
288 511 560 565 GARTULARIUM
579 511 782 563 ABBATHIAE
800 511 850 562 Du
867 511 1054 566 wmrnnr.
1181 502 1242 561 645

101 696 160 759 per
173 696 232 740 nos
247 676 367 754 audito,
382 697 419 740 ac
431 677 674 741 confirmatione
685 675 851 739 electionis
862 682 896 739 et
907 675 999 739 electi
1011 677 1238 759 praedictorum

102 775 276 858 peripsum
288 775 426 839 electum
441 795 461 838 a
476 775 568 839 nobis
580 774 748 838 humiliter
761 775 865 857 petita
879 775 940 838 sub
955 773 1016 839 hac
1032 776 1134 840 forma
1145 776 1238 840 :—In

102 875 166 939 Dei
185 875 325 953 nomine,
345 875 460 941 Amen.
506 877 623 941 (loram
637 875 730 939 vobis
745 875 932 939 Venerabili
947 875 981 938 in
998 874 1127 940 Christo
1149 884 1241 959 patre

102 981 136 1036 et
157 973 231 1037 d'no
253 982 372 1051 nostro,
388 975 473 1038 D’no
492 973 658 1038 Willelmo
681 974 722 1038 D.
738 973 776 1038 G.
794 973 886 1037 Ebor.
909 973 1089 1057 Archiep’o,
1110 974 1240 1058 Angliee

101 1072 252 1149 Primate,
266 1078 341 1156 peto
356 1093 422 1156 ego,
437 1073 575 1137 Thomas
590 1072 630 1136 de
645 1071 883 1155 Haukesgarth,
898 1072 932 1134 in
947 1072 1109 1138 Abbatem
1124 1074 1240 1138 Mon’ii

102 1170 142 1234 de
157 1171 313 1256 Whiteby
327 1173 480 1236 canonice
502 1179 536 1237 et
557 1172 758 1236 concorditer
771 1172 903 1248 electus,
919 1171 1108 1236 electionem
1124 1173 1165 1238 de
1187 1194 1239 1237 me

101 1291 158 1354 per
173 1271 315 1336 Priorem
330 1277 363 1336 εδ
378 1272 477 1337 Conv.
492 1271 635 1355 ejusdem
653 1272 766 1335 Mon’ii
781 1273 899 1336 factam
914 1271 951 1334 in
963 1272 1124 1337 Abbatem
1135 1272 1239 1356 ipsius

102 1371 228 1448 Mon'ii,
240 1371 382 1454 probatis
397 1371 432 1434 in
447 1370 509 1435 hoc
524 1391 600 1435 casu
615 1370 797 1454 probandis,
813 1391 869 1454 per
883 1391 941 1434 vos
956 1372 1110 1436 canonice
1125 1373 1238 1436 confir·

102 1470 192 1548 mari,
203 1476 236 1534 εδ
246 1470 316 1535 fieri
327 1469 427 1534 michi
441 1470 617 1535 secundum
631 1454 820 1554 qualilatem
833 1470 1070 1553 praemissorum
1082 1471 1130 1535 ita
1141 1471 1239 1554 justi-

102 1569 158 1632 tiae
172 1569 451 1652 complementum.
496 1570 577 1634 Haec
599 1569 671 1634 dico
687 1577 720 1634 εδ
734 1574 809 1652 peto
825 1569 1025 1653 conjunctim
1049 1575 1083 1634 εδ
1097 1569 1238 1647 divisim,

102 1666 206 1731 officio
227 1673 334 1733 vestro
356 1666 523 1732 humiliter
548 1667 719 1751 implorato
745 1687 842 1750 super
863 1666 1013 1731 omnibus
1039 1687 1076 1732 ac
1101 1667 1239 1752 singulis

103 1786 199 1849 super
227 1767 344 1850 quibus
374 1767 474 1832 fuerit
501 1766 752 1852 implorandum,
777 1766 860 1849 juris
889 1765 1045 1831 beneficio
1075 1766 1174 1831 michi
1203 1766 1239 1828 in

102 1865 251 1930 omnibus
261 1886 386 1950 semper
396 1867 496 1942 salvo,
505 1867 598 1949 (240)
610 1865 817 1949 exhibitaque
829 1864 924 1929 dictae
935 1865 1102 1929 electionis
1112 1866 1240 1930 decreto

103 1964 203 2047 signis
217 1972 251 2030 εδ
264 1965 379 2049 sigillis
400 1965 590 2050 eligentium
605 1985 642 2029 ac
657 1964 1082 2048 Notariorum-publicorum
1105 1964 1242 2049 signato,

103 2070 136 2127 et
161 2065 408 2148 quamplurimis
434 2065 660 2130 instrumentis
686 2063 903 2148 singularibus
929 2064 1119 2148 singillatim
1145 2083 1240 2146 super
1355 2138 1360 2147 ,

102 2182 252 2245 processu
267 2164 412 2248 ejusdem
428 2165 596 2229 electionis
612 2164 807 2240 constitutis,
822 2163 938 2247 sigillis
953 2163 1101 2247 pendent
1118 2168 1151 2227 et
1165 2163 1240 2227 sub-

102 2261 329 2344 scriptionibus
344 2264 504 2328 dictorum
519 2264 728 2328 Notariorum
742 2262 886 2348 signatis,
900 2262 1049 2346 factaque
1064 2262 1241 2346 proclama-

103 2360 192 2426 tione
213 2367 247 2426 εδ
269 2362 374 2427 edicto
389 2363 553 2428 citationis
575 2363 788 2447 peremptorie
802 2362 844 2426 ad
866 2367 969 2426 certos
984 2361 1071 2426 diem
1085 2368 1119 2425 et
1132 2360 1241 2424 locum

103 2459 190 2542 quod
204 2480 314 2526 omnes
336 2468 369 2525 et
384 2463 513 2546 singuli,
530 2462 631 2545 siqui
653 2467 769 2540 essent,
784 2461 841 2545 qui
863 2461 1019 2545 quicquid
1033 2466 1144 2524 contra
1158 2459 1241 2524 elec-

103 2557 224 2622 tionem
240 2567 297 2624 aut
310 2560 447 2624 formam
462 2560 628 2625 electionis
643 2560 806 2643 praedictae
820 2577 979 2642 opponere
994 2579 1052 2624 seu
1066 2577 1241 2642 proponere

103 2657 255 2741 velle[n]t
277 2679 375 2742 quare
404 2658 593 2724 electionem
617 2666 650 2723 et
674 2659 812 2723 electum
838 2657 1028 2741 praedictum
1055 2656 1241 2721 confirmare

104 2756 237 2821 minime
246 2757 409 2834 debemus,
417 2778 475 2841 pro
485 2757 621 2822 termino
630 2758 842 2842 peremptorie
851 2757 1049 2841 proponitur,
1058 2761 1091 2821 et
1099 2756 1242 2840 legitime

104 2855 190 2918 lacta
210 2855 344 2939 insuper
371 2857 622 2940 proclamatione
650 2857 781 2940 publiea
802 2877 880 2921 voce
906 2856 1066 2940 praeccnia
1089 2856 1124 2919 in
1150 2862 1240 2919 term.

104 2954 428 3018 memoratoacnullc
440 2955 621 3037 oppositore
633 2960 837 3038 comparente
847 2974 907 3018 nec
918 2955 1092 3038 quiequam
1104 2973 1240 3037 propon-

105 3058 188 3128 ente,
198 3053 376 3136 rimatoque
390 3073 448 3137 per
462 3073 529 3130 nos,
541 3053 731 3130 examinato,
744 3061 777 3117 et
787 3051 984 3116 sufficienter
999 3052 1142 3116 discusso
1157 3051 1241 3132 ejus-

105 3151 178 3215 dem
199 3150 363 3215 electionis
385 3150 521 3234 negotio,
537 3170 574 3215 ac
594 3156 720 3215 servato
739 3170 890 3232 processu
913 3149 1067 3232 legitimo,
1089 3155 1186 3231 prout
1208 3152 1242 3210 et

105 3249 259 3333 quatinus
280 3249 316 3312 in
331 3249 391 3313 hoc
406 3269 481 3313 casu
500 3249 680 3332 requiritur.
730 3249 835 3325 Quare
857 3248 1042 3312 invenimus
1057 3246 1241 3329 pieedictam

105 3347 293 3412 electionem
316 3347 355 3411 de
369 3367 504 3430 persona
518 3347 664 3430 praedicti
679 3347 787 3410 fratris
802 3344 933 3408 Thomae
951 3345 991 3408 de
1013 3342 1241 3425 Haukesgarth

105 3445 257 3510 canonice
277 3445 476 3523 celebratam,
498 3447 602 3529 ipsam
623 3445 812 3509 electionem
835 3451 868 3508 et
890 3443 1029 3507 electum
1050 3441 1240 3524 pradictum

105 3544 257 3609 canonice
277 3544 511 3621 confirmamus,
531 3549 564 3608 εδ
587 3543 897 3608 administrationem
922 3541 1066 3605 omnium
1086 3540 1239 3603 bonorum

105 3642 323 3727 spiritualium
338 3650 372 3707 et
385 3641 611 3725 temporalium
623 3642 702 3706 dicti
716 3642 832 3706 Mon’ii
846 3641 951 3705 eidem
966 3638 1198 3705 committimus
1210 3644 1244 3702 et

105 3741 319 3818 concedimus,
333 3761 391 3824 per
411 3746 584 3823 praesentes
607 3760 687 3823 quas
710 3740 745 3802 in
766 3740 1001 3823 praemisscrum
1019 3737 1241 3803 testimonium

105 3838 296 3903 mandamus
311 3838 409 3922 sigilli
420 3838 522 3902 nostri
532 3837 741 3921 impressione
752 3838 880 3901 muniri
907 3839 1031 3902 Datum
1040 3837 1127 3921 apud
1135 3837 1242 3921 Thorp

105 3958 204 4021 prope
226 3937 319 4001 Ebor.
335 3938 370 4000 in
393 3936 531 4001 Kalend.
547 3936 697 4020 Augusti,
712 3938 750 4001 A.
767 3936 821 4002 Gr.
837 3938 1051 4002 rl⁰ccc¹¹²⁰xxiii
1072 3943 1106 4002 et
1123 3937 1243 4001 Pontis.

105 4036 208 4099 nostri
223 4035 347 4118 quinto.

209 4208 340 4272 Donmr
356 4208 460 4272 Rncis
475 4222 537 4271 rao
552 4207 808 4272 Tauronsmnus
823 4223 912 4272 mcrr
927 4210 1139 4275 Monisman

556 4306 795 4370 carsiniano.

151 4430 359 4494 Serenissimo
382 4430 527 4513 Principi
554 4430 627 4494 d'no
654 4450 721 4506 suo,
747 4430 831 4493 D’no
853 4429 1010 4495 Eduardo
1036 4432 1076 4495 D.
1103 4432 1141 4497 G.
1168 4434 1248 4516 Regi

150 4544 220 4592 von.
237 4544 271 4592 11.
1097 4546 1117 4592 r
