2918 4980
314 555 590 647 casrunaaluu
610 555 811 608 ABBATHIAE
830 558 879 608 DE
897 558 1081 609 WHITEBY.
1203 547 1265 606 473

647 812 749 875 DXL.

169 947 293 1010 Notum
309 947 352 1010 sit
367 948 516 1013 omnibus
532 949 605 1032 aud,
620 949 674 1013 vel
688 949 753 1012 vid.
778 949 836 1012 has
859 949 932 1026 litt,
947 949 1034 1033 quod
1055 969 1123 1033 eg0,
1137 949 1263 1013 Alanus

123 1043 164 1108 de
180 1042 302 1128 Percy,¹
318 1051 351 1108 et
367 1045 541 1110 Ricardus²
556 1047 654 1111 irater
676 1069 775 1123 meus,
791 1048 938 1111 dedimus
954 1056 987 1112 et
1002 1050 1262 1112 confirmavimus

122 1143 208 1208 Ecch
224 1144 254 1208 S.
271 1146 359 1207 Petri
381 1151 414 1208 et
437 1146 466 1210 S.
490 1147 599 1210 Hildee
622 1148 661 1210 de
677 1147 841 1229 Whiteby,
856 1154 889 1211 et
904 1147 1069 1211 monachis
1093 1148 1168 1211 ibid.
1191 1148 1262 1224 Deo
1307 1156 1310 1161 ’

120 1263 210 1320 serv„
234 1245 270 1307 in
296 1244 385 1308 elem.
410 1266 506 1328 perp,
519 1247 598 1310 duas
620 1254 726 1330 partes
750 1246 881 1310 decimae
903 1247 943 1310 de
965 1255 1034 1310 toto
1057 1247 1199 1310 dominio
1222 1247 1261 1309 de

120 1340 319 1419 Staretona,³
345 1364 402 1426 pro
429 1345 598 1408 animabus
625 1345 743 1409 nostris
770 1351 802 1409 et
832 1367 889 1428 pro
919 1346 1087 1409 animabus
1115 1346 1259 1408 omniurn

120 1448 292 1522 parentum
307 1449 497 1506 nostrorum.
543 1443 618 1507 Hiis
633 1445 779 1519 testibus,
794 1451 852 1508 etc.

528 1708 648 1771 DXLI.
672 1667 843 1770 anvasn'.

120 1814 286 1880 Chirona

163 1915 322 1980 Omnibus
345 1917 375 1982 S.
399 1917 516 1982 Matris
539 1919 624 1982 Eccl.
648 1918 690 1982 fil.
714 1939 760 2002 pr.
777 1924 809 1982 et
831 1919 900 1994 fut,
916 1919 1067 2001 Rogems,
1089 1917 1210 1994 Abbas‚
1226 1924 1258 1982 et

117 2013 217 2078 Conv.
234 2015 274 2078 de
288 2015 454 2101 Whiteby,
469 2018 524 2082 sal.
540 2018 576 2081 in
594 2019 686 2082 D’no.
732 2018 847 2081 Sciatis
863 2038 920 2080 nos
936 2037 1032 2092 conc,
1048 2023 1081 2079 et
1095 2015 1155 2080 hac
1170 2037 1216 2099 pr.
1233 2038 1258 2082 c.

116 2119 226 2175 nostra
237 2115 319 2180 conf.
329 2115 455 2180 dilectis
468 2118 619 2181 fratlibus
633 2119 748 2181 nostris
761 2116 905 2199 Rogero‚⁴
916 2116 1009 2191 Abb.,
1021 2123 1053 2180 et
1064 2117 1162 2181 Gonu.
1172 2117 1258 2180 Eccl.

117 2211 149 2274 S.
162 2212 274 2277 Mariae
284 2215 447 2293 Rievallis,
461 2237 518 2299 pro
534 2237 619 2300 perp.
636 2217 876 2280 conservatione
891 2221 1012 2279 mutuae
1027 2215 1115 2299 pacis
1131 2222 1163 2278 et
1178 2216 1257 2278 cari-

116 2311 202 2388 tatis,
217 2319 255 2375 ut
270 2322 424 2398 perpetuo
447 2322 578 2379 teneant
601 2323 634 2379 et
656 2315 840 2399 possideant
863 2315 969 2390 libere,
984 2314 1093 2397 quiete
1116 2320 1148 2377 et
1171 2314 1257 2398 paci-

114 2408 183 2486 fice,
198 2418 300 2475 totam
315 2414 406 2477 t'ram
421 2435 519 2497 quam
534 2414 655 2478 habent
670 2414 709 2478 de
725 2414 817 2478 feodo
832 2420 939 2478 nostro
954 2416 990 2476 in
1005 2413 1166 2496 Kaytona‚
1182 2434 1256 2477 cuni

115 2529 200 2572 omn.
222 2517 311 2594 pert,
326 2512 439 2590 libert,
457 2523 490 2578 et
512 2514 642 2597 aysiam.
667 2514 743 2589 suis,
761 2534 801 2577 ex
821 2513 904 2577 dono
928 2512 1059 2576 Roberti
1075 2513 1114 2576 de
1136 2513 1201 2576 Ros
1225 2519 1257 2577 et

114 2607 275 2674 Willelmi
296 2612 338 2674 fil.
356 2614 490 2677 Henriei
505 2614 546 2677 de
568 2612 742 2696 Kaytona,⁵
757 2633 813 2696 per
835 2613 943 2675 omnia
965 2613 1049 2676 sicut
1072 2612 1256 2676 continetur

114 2709 209 2791 (136)
236 2710 270 2773 in
297 2713 393 2776 cartis
421 2713 594 2776 eorundem
618 2712 807 2775 donatorum
835 2711 1077 2775 suorum—scil.
1105 2732 1144 2775 ex
1171 2712 1254 2774 dono

114 2808 250 2872 Roberti
275 2810 315 2874 de
341 2813 405 2875 Ros
428 2812 572 2896 quinque
602 2813 673 2876 bov.
696 2813 772 2888 that,
795 2819 828 2874 et
850 2810 898 2875 les
925 2809 1096 2875 Oinames⁰
1117 2811 1152 2873 in
1176 2811 1256 2874 villa

114 2906 154 2971 de
185 2908 346 2994 Kaytona‚
373 2933 456 2995 quas
486 2912 608 2994 Symon
638 2913 677 2975 de
704 2912 789 2975 Hele
815 2911 929 2975 habuit
955 2912 995 2974 de
1021 2910 1185 2974 Willelmo
1216 2911 1255 2973 de

113 3008 276 3092 Kaytona‚
299 3018 331 3075 et
353 3020 417 3077 tres
440 3014 510 3078 bov.
533 3016 599 3077 t'rae
621 3034 694 3097 quae
720 3016 851 3078 fuerunt
871 3014 979 3089 Alani,
999 3012 1152 3076 avunculi
1174 3013 1254 3076 dicti

113 3109 264 3191 Symonis
280 3111 319 3175 de
335 3113 427 3190 Hele,
442 3134 515 3177 curn
532 3135 616 3177 omn.
632 3120 711 3197 pert.
727 3113 813 3176 infra
827 3134 856 3178 v,
872 3121 904 3176 et
927 3120 1018 3177 extra
1029 3112 1254 3176 :—Reddendo

149 3258 159 3293 ¹
178 3261 255 3324 Alsa,
269 3278 317 3312 son
329 3263 358 3313 oi
370 3263 490 3314 William
502 3264 535 3314 de
548 3264 632 3329 Percy
643 3264 806 3330 Asgernuns.

148 3343 159 3377 ⁵
176 3345 294 3396 Richard
307 3347 340 3397 de
352 3347 435 3412 Percy
449 3347 482 3397 de
495 3347 622 3413 Dunsley.
660 3349 708 3398 See
722 3347 771 3397 No.
788 3351 810 3409 l,
824 3364 849 3413 p.
864 3349 888 3398 3.

147 3424 159 3460 ³
177 3427 308 3496 Specially
321 3430 417 3481 named
428 3436 457 3482 at
470 3431 516 3481 the
535 3430 609 3496 place
627 3431 680 3481 last
693 3430 771 3490 cited,
784 3431 840 3480 and
858 3430 913 3480 also
931 3429 959 3480 in
977 3430 1040 3480 Nos.
1055 3427 1088 3482 27
1102 3427 1149 3492 (by
1162 3426 1205 3477 W.
1219 3427 1252 3477 de

111 3509 194 3576 Percy
207 3513 368 3579 Asgemuna,
381 3514 436 3567 27s
449 3513 495 3579 (by
514 3514 556 3563 his
574 3530 622 3564 son
640 3513 731 3575 Alan),
744 3515 778 3564 26
798 3512 844 3578 (by
858 3513 899 3562 his
917 3511 1049 3578 grandson
1062 3511 1187 3570 william,
1204 3525 1252 3561 son

111 3593 140 3643 oi
151 3593 222 3644 Alsn
232 3595 293 3659 just
305 3596 418 3658 named),
434 3598 484 3647 149
498 3596 543 3660 (by
558 3596 628 3661 Pope
641 3595 778 3662 Eugenius
791 3600 854 3657 na),
869 3597 929 3657 376,
943 3599 993 3645 etc.

147 3673 158 3708 ⁴
176 3676 209 3727 In
221 3677 270 3728 No.
288 3681 346 3738 153,
359 3679 441 3728 dated
454 3679 481 3728 in
498 3679 572 3739 1227,
587 3694 627 3727 we
641 3677 708 3728 have
721 3695 737 3727 s
749 3678 873 3728 convenit
882 3677 1031 3743 specifying
1042 3675 1089 3726 the
1099 3674 1251 3726 concession

110 3759 188 3810 made
205 3764 234 3811 to
248 3760 359 3825 Whitby
372 3761 409 3825 by
421 3760 513 3811 Abbot
527 3762 613 3827 Roget
625 3760 653 3810 oi
666 3760 803 3822 Rievaulx,
819 3776 835 3809 a
847 3759 942 3809 second
956 3775 1023 3824 copy
1035 3759 1063 3808 oi
1075 3756 1170 3819 which,
1184 3755 1252 3807 with

109 3859 126 3893 a
137 3842 218 3893 fuller
229 3844 276 3894 list
288 3845 317 3894 oi
328 3845 473 3907 witnesses,
487 3861 580 3894 occurs
592 3849 621 3893 at
633 3860 649 3892 a
661 3844 729 3893 later
741 3859 808 3909 page
821 3842 849 3892 of
863 3843 895 3893 A.
907 3842 999 3903 (noted
1010 3857 1039 3891 as
1049 3840 1100 3893 No.
1114 3842 1184 3900 383),
1198 3838 1251 3888 and

109 3941 139 3976 es
151 3926 198 3977 the
209 3927 348 3978 witnessea
360 3934 389 3979 to
401 3928 463 3979 that
474 3927 528 3977 and
539 3933 568 3978 to
580 3927 626 3978 the
639 3929 746 3992 present
758 3925 825 3976 deed
840 3926 917 3987 (with
935 3924 1038 3990 triding
1050 3923 1192 3983 vadation)
1206 3938 1250 3972 are

108 4008 158 4059 the
169 4025 248 4072 same,
261 4010 284 4060 it
296 4010 319 4061 is
331 4015 360 4061 to
372 4011 405 4061 be
418 4011 558 4077 presumed
576 4009 638 4060 that
657 4009 724 4059 both
741 4008 821 4059 desds
834 4024 904 4058 were
923 4006 1052 4058 executed
1065 4022 1099 4055 on
1118 4005 1165 4056 the
1177 4021 1250 4055 same

108 4092 236 4154 semion,
249 4093 325 4144 there
337 4093 417 4160 being
429 4093 558 4159 specially
570 4091 652 4143 noted
670 4091 699 4142 in
712 4091 797 4142 either
814 4089 861 4141 the
874 4090 976 4141 several
995 4088 1160 4140 concessione
1173 4085 1250 4136 made

109 4174 147 4240 by
159 4175 206 4226 the
221 4181 276 4227 two
288 4177 396 4242 parties.

146 4255 158 4290 ⁵
175 4258 223 4309 See
239 4259 261 4308 N
265 4275 287 4310 o.
304 4261 360 4314 170.
400 4260 483 4310 Other
495 4259 575 4309 deeds
588 4256 733 4309 connected
746 4256 814 4307 with
827 4256 933 4321 Osyton
945 4255 1001 4305 will
1013 4255 1046 4304 be
1059 4252 1143 4303 found
1156 4251 1183 4300 in
1197 4249 1247 4301 No.

111 4342 171 4403 108,
184 4341 247 4392 Nos.
268 4344 328 4403 243,
348 4344 409 4403 244,
428 4342 481 4392 and
494 4342 543 4392 No.
559 4343 618 4403 382,
638 4341 665 4390 iu
685 4339 773 4389 which
791 4339 844 4389 last
862 4338 908 4388 the
927 4338 1143 4402 subject-matter
1155 4333 1182 4383 oi
1200 4332 1248 4383 the

107 4429 217 4490 present
228 4423 296 4475 dsed
308 4423 330 4474 is
343 4424 469 4475 advent&
484 4428 522 4474 to.

144 4503 157 4538 ⁸
172 4505 229 4560 Yet
240 4508 352 4559 another
364 4508 484 4558 instance
497 4507 525 4556 oi
536 4506 583 4557 the
595 4521 753 4557 occurrence
765 4502 793 4555 oi
804 4503 859 4554 this
873 4503 954 4554 word.
