2918 4980
338 503 610 558 GARTULARIUM
629 503 834 557 ABBATHIAE
852 503 902 556 DE
919 503 1106 558 WHI'I'EBY.
1224 493 1285 553 599

194 668 233 732 V.
264 668 369 753 Super
404 668 520 753 quinto
548 668 698 734 Articulo
734 668 984 734 interr-videl
1013 674 1123 733 utrum
1154 669 1289 735 feudum

150 767 191 833 de
206 768 306 852 Percy
322 768 366 834 eit
380 769 469 833 idem
484 768 618 833 feudum
632 788 707 832 cum
721 767 818 832 feudo
834 768 874 833 (16
889 767 1070 853 Mulgrave,
1085 768 1138 833 vel
1153 769 1289 833 distinc-

149 871 221 931 tum
236 867 338 945 abeo,
353 867 434 933 dicit
454 868 543 950 quod
565 873 615 932 est
636 873 821 951 separatum
843 874 877 932 et
897 867 1101 944 distinctum,
1115 875 1150 933 et
1163 887 1291 952 semper

151 963 223 1028 fuit.
276 965 392 1032 Interr.
415 965 557 1049 qualiter
578 965 638 1030 hoc
662 965 733 1042 scit,
755 965 837 1030 dicit
860 985 919 1050 per
944 965 1015 1043 hoc,
1039 967 1128 1050 quod
1152 966 1291 1051 ipsemet

148 1062 276 1146 juratus
286 1064 372 1130 vidit
385 1065 481 1130 feoda
501 1064 657 1149 praedicta
678 1084 748 1130 esse
770 1070 918 1149 separata
940 1070 974 1130 et
988 1086 1116 1151 semper
1135 1066 1291 1131 distincta

151 1163 188 1227 in
201 1164 271 1230 vita
285 1184 352 1242 aua,
366 1171 400 1230 et
414 1164 456 1230 de
470 1165 624 1230 anteriori
638 1169 784 1249 tempore
804 1164 920 1230 didicit
934 1185 954 1230 a
968 1165 1149 1231 senioribus
1171 1165 1290 1251 patriae.

153 1262 268 1328 Interr.
284 1264 376 1347 cujus
391 1263 497 1328 aetatie
512 1263 564 1341 sit,
579 1262 658 1328 dicit
673 1263 760 1348 quod
775 1263 992 1349 quadraginta
1006 1284 1174 1331 annorum.

194 1362 253 1426 Vl
276 1361 381 1447 Super
393 1367 487 1428 sexto
508 1362 657 1428 Articulo
678 1363 930 1428 interr-videl
954 1383 997 1428 an
1019 1363 1102 1429 eciat
1122 1364 1196 1447 quis
1215 1383 1290 1428 con·

153 1460 232 1525 tulit
245 1461 341 1527 villae
355 1461 536 1546 predictas,
551 1467 610 1528 etc.

196 1560 275 1625 VII.
298 1561 402 1645 Super
423 1561 562 1645 septimo
583 1560 732 1626 Articulo
754 1560 1004 1626 interr-videl
1028 1565 1138 1624 utrum
1160 1581 1198 1626 ea
1220 1580 1292 1644 quae

154 1659 371 1738 continentur,
387 1666 446 1725 etc
470 1709 476 1722 .
500 1709 507 1722 .
531 1709 537 1722 .
562 1659 676 1724 Interr.
691 1664 803 1724 utrum
824 1659 869 1724 eit
890 1659 974 1724 liber
994 1658 1048 1724 vel
1070 1679 1191 1737 servus,
1213 1659 1293 1725 dicit

156 1757 242 1842 quod
256 1758 346 1824 liber.

201 1857 280 1921 IX¹²¹
301 1858 427 1934 Trans,
449 1857 467 1921 I
489 1855 736 1941 Articulua-(i
751 1855 852 1939 linea)
875 1856 1043 1922 Galfridue
1065 1856 1106 1922 de
1128 1857 1293 1935 Hakencs‚

153 1957 280 2040 juratus
295 1965 329 2022 et
342 1958 557 2034 examinatus,
572 1963 606 2022 et
628 1977 724 2040 super
743 1957 848 2041 primo
870 1956 1020 2022 Articulo
1041 1956 1291 2022 interr-videl

157 2076 199 2119 an
219 2056 312 2120 novit
334 2056 461 2139 aliquos
483 2061 583 2121 testes
606 2055 780 2139 productos
803 2055 858 2138 (ii)
880 2055 916 2118 in
941 2075 1039 2120 cauea
1068 2056 1292 2121 conventionis

156 2161 245 2220 mota
265 2155 352 2220 inter
373 2156 458 2239 Mag.
477 2156 501 2220 J
502 2154 663 2219 ohannem
680 2154 721 2219 de
735 2154 901 2231 Thoactes,
917 2160 975 2219 eto.
999 2205 1005 2218 .
1029 2205 1036 2218 .
1060 2205 1066 2218 .
1089 2156 1294 2221 retinuerunt

157 2274 274 2318 novem
288 2261 404 2338 partee.
449 2254 563 2317 Interr.
594 2252 734 2336 qualiter
762 2253 824 2317 hoc
847 2253 910 2337 (ix)
935 2254 1006 2332 ecit,
1035 2253 1116 2318 dicit
1138 2275 1196 2339 per
1223 2253 1293 2333 hoc,

157 2352 244 2436 quod
256 2354 395 2438 ipsemet
406 2353 534 2436 juratus
550 2352 691 2417 decimas
707 2353 868 2419 dictorum
882 2352 1049 2418 fructuum
1062 2355 1288 2437 provenientes

158 2451 287 2516 nomine
302 2452 462 2517 dictorum
478 2451 721 2537 Religioscrum,
736 2472 794 2535 per
807 2451 952 2535 quinque
968 2452 1019 2535 (x)
1034 2473 1136 2517 annos
1157 2453 1296 2539 collegit,

157 2555 191 2615 ct
205 2570 322 2616 novem
336 2557 443 2636 partes
458 2551 602 2636 ipsorum
617 2551 784 2617 fructuum
798 2551 834 2614 in
852 2571 966 2634 campo
980 2551 1129 2636 reliquit;
1152 2558 1194 2630 et,
1207 2553 1294 2636 quod

159 2650 239 2715 dicti
250 2651 404 2736 Religiosi
420 2651 466 2715 uic
480 2656 695 2735 perceperunt
709 2651 850 2715 decimae
860 2650 923 2735 (xi)
933 2651 1112 2717 antedictae
1124 2671 1143 2716 a
1153 2656 1296 2737 tempore

158 2749 250 2832 cujus
265 2769 330 2814 non
346 2755 437 2815 extat
453 2749 615 2826 memoria,
631 2748 747 2813 didicit
769 2769 826 2832 per
840 2748 978 2814 relatum
999 2751 1162 2815 seniorum
1184 2751 1297 2836 patriae

158 2848 199 2912 de
213 2848 358 2932 Wyteby
373 2848 499 2912 Strand.

203 2948 267 3010 11⁰⁸
291 2947 614 3030 Articulus.—(linea
639 2946 665 3029 i)
697 2947 801 3031 Super
829 2948 970 3012 secundo
999 2949 1148 3015 Articulo
1177 2950 1297 3027 interr„

159 3052 218 3110 etc,

203 3144 286 3209 IIII.
311 3144 413 3227 Super
434 3144 507 3207 iiiito
522 3142 670 3208 Articulo
693 3143 946 3209 interr—videl.
961 3164 1003 3207 an
1025 3151 1123 3210 testes
1142 3167 1183 3211 ex
1205 3152 1296 3232 parte

159 3243 244 3327 Mag.
261 3244 283 3307 J
285 3242 421 3304 ohannis
437 3241 477 3305 (16
491 3242 647 3306 Thoactes
662 3241 698 3304 in
714 3260 811 3305 causa
824 3261 892 3306 auae
910 3243 1133 3308 conventionis
1147 3245 1297 3328 producti

159 3343 279 3406 falsum
294 3340 329 3402 in
344 3339 452 3423 aliquo
467 3339 521 3404 vel
535 3359 649 3404 verum
664 3340 827 3416 dixerunt,
841 3339 922 3404 dicit
937 3340 1023 3423 quod
1038 3361 1134 3452 super
1155 3342 1216 3407 hoc
1231 3365 1297 3408 non

159 3439 233 3524 plus
255 3438 317 3504 ecit
338 3438 496 3523 deponere
515 3458 613 3522 quam
636 3437 783 3522 superius
806 3438 986 3522 deposuit
976 3458 1012 3502 ιιι
1033 3440 1137 3523 primo
1152 3442 1297 3507 articulo

160 3539 273 3603 Interr
301 3538 341 3602 de
366 3558 431 3621 quo
454 3537 547 3602 feodo
577 3537 644 3601 sint
666 3537 845 3601 manerium
871 3537 911 3601 de
942 3537 1110 3622 Stakeaby,
1133 3541 1299 3627 Ryewarp,

160 3637 308 3701 Neuham
311 3637 388 3721 ,[ct]
399 3657 473 3719 pars
485 3636 693 3702 occidentalia
708 3635 796 3700 villae
811 3636 851 3700 de
862 3636 1014 3721 Wyteby,
1025 3636 1105 3702 dicit
1119 3639 1205 3723 quod
1220 3648 1298 3705 eunt

160 3735 200 3800 dc
214 3735 306 3800 feodo
322 3736 361 3800 (16
376 3737 488 3820 Percy,
498 3742 532 3800 et
546 3756 674 3821 semper
688 3736 826 3801 luerunt.
872 3736 985 3801 Interr.
998 3737 1137 3821 qualiter
1152 3738 1213 3805 hcc
1228 3741 1298 3818 ecit,

160 3833 240 3898 dicit
261 3854 317 3917 per
338 3834 408 3912 hoc,
423 3834 510 3919 quod
532 3855 701 3918 nunquam
716 3834 801 3899 vidit
822 3855 882 3900 nec
904 3835 1030 3900 audivit
1052 3835 1205 3919 praedicta
1225 3836 1297 3903 loca

160 3952 228 3997 csse
239 3933 279 3998 de
294 3933 358 3998 alio
373 3934 466 3999 feodo
482 3954 581 4018 quam
592 3932 633 3998 de
644 3933 738 3998 feodo
750 3933 789 3998 de
806 3933 916 4017 Percy,
961 3933 1077 4000 Interr.
1091 3940 1202 3999 utrum
1211 3935 1296 4002 dicta

160 4031 343 4097 loca-scil.
361 4033 529 4117 Ryawarp,
551 4033 585 4096 N
586 4032 712 4109 euham,
727 4032 907 4097 manerium
929 4032 969 4097 de
985 4032 1155 4119 Stakeeby,
1168 4039 1201 4100 et
1223 4056 1297 4120 para
1403 4054 1422 4102 ς

159 4131 367 4197 occidentalia
389 4133 477 4197 villae
502 4134 543 4198 de
564 4133 717 4217 Wyteby,
743 4152 898 4215 umquam
924 4132 1056 4198 fuerunt
1082 4133 1297 4218 impignorata

159 4232 255 4297 dictio
271 4232 450 4316 Religiosis,
467 4233 547 4297 dicit
561 4233 649 4317 quod
663 4232 703 4297 de
718 4232 779 4297 hoc
794 4230 897 4296 nichil
913 4232 1046 4298 audivit.

202 4331 242 4397 V.
266 4331 369 4414 Super
391 4333 506 4416 quinto
529 4332 678 4397 Articulo
702 4331 951 4399 intera—videl.
972 4337 1082 4396 utrum
1104 4331 1235 4397 feodum
1259 4333 1298 4398 (16

159 4433 260 4515 Percy
277 4432 322 4496 eit
344 4432 429 4496 idem
452 4432 585 4499 feudum
601 4431 688 4514 quod
710 4431 844 4496 feudum
867 4431 906 4494 de
929 4430 1108 4513 Mulgrave,
1123 4431 1176 4495 vel
1198 4431 1238 4495 ab
1261 4451 1297 4496 eo
