2918 4980
173 464 234 525 372
354 477 625 532 CARTULARIUM
643 478 844 530 ABBATHIAE
867 479 916 530 DE
932 478 1117 531 WHITEBY.

170 638 265 704 kelde
279 661 352 723 quae
363 641 450 724 jacet
460 643 557 725 juxta
568 643 660 707 t’rem
668 643 787 706 Prioris
802 643 841 707 de
856 642 1060 707 Guiseburne
1070 663 1182 707 versus
1193 643 1301 707 solem.

169 737 253 802 Istos
269 760 344 803 vero
366 762 410 803 xv
424 762 522 819 ueras,
537 763 611 806 oum
633 743 773 826 pasturis
790 749 823 807 et
838 742 911 806 eliis
933 749 1012 825 pert.
1029 744 1105 820 suis,
1128 764 1185 828 ego
1207 742 1302 826 pred.

168 835 362 915 willelmus,
373 839 459 904 filius
475 841 605 904 Ricardi
619 841 679 904 filii
693 841 849 918 Asoelini‚
861 848 894 905 et
908 841 982 907 haer.
995 842 1060 906 mei
1074 842 1169 925 proed.
1181 842 1303 905 Domui

167 934 206 998 de
217 934 383 1020 Whiteby,
395 960 419 1002 o.
432 959 457 1003 o.
470 938 500 1003 h.
513 948 546 1004 et
557 941 577 1004 f.
590 940 625 1003 in
639 960 726 1024 perp.
739 940 1025 1005 warentizebimus.
1064 941 1138 1005 Hiis
1154 941 1301 1005 testibus.

166 1032 288 1118 Rogero
311 1042 344 1099 et
363 1037 507 1115 Rioerdo,
522 1039 705 1123 Capellenis
727 1039 767 1103 de
789 1039 931 1122 witeby.
979 1039 1140 1116 Johanne,
1162 1041 1302 1104 Persona

168 1131 208 1196 de
223 1133 367 1202 Iolthus.
411 1137 454 1200 Et
468 1137 548 1201 eliis.

659 1311 810 1377 CCCCX.

210 1454 368 1520 Omnibus
398 1458 455 1522 hes
482 1459 546 1525 litt.
575 1460 634 1523 vis.
662 1459 715 1523 vel
740 1460 811 1524 eud.
838 1460 1033 1537 Willelmus,
1059 1459 1145 1524 filius
1169 1460 1299 1525 Rioerdi

168 1552 270 1617 Ruffi¹
307 1557 347 1619 de
376 1558 526 1635 Arusum,
556 1558 702 1622 salutern.
762 1560 899 1623 Noverit
936 1560 1024 1625 univ.
1056 1580 1085 1622 v.
1116 1560 1203 1642 quod
1232 1581 1300 1643 ego,

165 1651 358 1731 willelmus,
373 1657 520 1739 quietum
535 1657 674 1722 clamavi
687 1678 744 1741 pro
760 1679 811 1723 me
827 1668 859 1723 et
874 1659 948 1723 haer.
961 1658 1041 1723 meis
1056 1658 1091 1720 in
1106 1679 1193 1742 perp.
1205 1679 1299 1723 omne

160 1750 215 1832 jus
226 1753 313 1834 quod
327 1753 427 1818 habui
437 1754 491 1820 vel
505 1756 622 1820 habere
638 1755 736 1820 debui
751 1757 785 1819 in
798 1777 855 1821 sex
870 1757 951 1821 aeris
963 1758 1038 1834 t’rae,
1054 1755 1093 1821 de
1105 1757 1222 1839 quibus
1234 1763 1298 1822 tres

164 1869 245 1914 eorae
260 1859 293 1916 et
307 1853 384 1917 dim.
396 1855 507 1937 jacent
521 1862 596 1920 ente
612 1855 743 1919 domum
753 1855 893 1919 Gelfridi
908 1856 1031 1919 Blundi
1045 1855 1086 1919 de
1101 1855 1296 1940 Midelburg,

163 1955 197 2013 et
212 1949 284 2015 duee
305 1973 387 2017 eorae
401 1960 434 2017 et
450 1952 540 2019 dim.2
550 1955 661 2038 jacent
682 1955 769 2038 apud
783 1954 1048 2034 Amaldetoftes3
1070 1975 1150 2037 ques
1165 1956 1297 2038 quidem

163 2049 234 2132 (22)
249 2069 307 2114 sex
322 2072 410 2116 eones
426 2052 582 2118 Rioerdus
598 2052 723 2129 Ruffus,
732 2060 823 2135 peter
833 2074 933 2129 meus,
942 2053 1050 2116 tenuit
1067 2052 1108 2116 de
1121 2053 1250 2118 Abbate
1265 2061 1297 2118 et

162 2146 333 2213 Conventu
355 2151 395 2214 de
417 2152 550 2235 Witeby
573 2159 607 2215 et
628 2150 773 2215 Ecclesia
802 2151 841 2214 de
864 2150 1057 2235 Midelburg.
1104 2151 1147 2215 Et
1169 2159 1207 2215 ut
1229 2153 1296 2217 haeo

161 2248 435 2329 quiete-clematio
451 2272 538 2334 perp.
553 2251 651 2314 robur
665 2250 819 2334 optineat,
833 2270 923 2333 praes.
939 2271 997 2315 sor.
1012 2250 1069 2334 sig.
1084 2251 1149 2314 mei
1163 2252 1296 2334 impres·

162 2345 286 2410 sionem
321 2349 466 2430 apposui.
526 2349 601 2412 Hiis
638 2349 786 2414 testibus.
842 2349 988 2414 Gelfrido
1025 2349 1065 2413 de
1103 2350 1295 2435 Geddinges.

161 2445 326 2511 Willelmo
341 2448 380 2511 de
396 2447 557 2530 Soiptona„
600 2448 644 2510 Et
659 2448 740 2512 eliis.

638 2671 816 2737 CCCCXI.

205 2807 364 2871 Omnibus
387 2807 417 2873 S.
433 2807 479 2873 M.
503 2807 589 2872 Eool.
613 2808 698 2884 filiis,
719 2808 778 2872 hes
800 2808 863 2871 litt.
885 2807 943 2871 vis.
959 2805 1013 2870 vel
1033 2808 1113 2884 aud,
1136 2807 1294 2872 Robertus

160 2906 251 2970 Tosti
272 2905 418 2969 salutem.
464 2906 600 2970 Noverit
621 2907 709 2971 univ.
732 2927 761 2969 v.
777 2927 829 2970 me
851 2905 892 2982 d.,
914 2926 950 2981 o,
972 2905 1086 2970 etheo
1108 2926 1153 2989 pr.
1178 2928 1202 2970 o.
1223 2928 1295 2971 mee

161 3004 242 3068 conf.
258 3004 329 3067 Deo
344 3011 378 3068 et
392 3005 477 3069 Eool.
493 3006 523 3070 S.
540 3006 628 3070 Petri
643 3011 676 3070 et
691 3005 722 3069 S.
740 3003 859 3088 Hyldae
875 3005 914 3067 de
927 3004 1069 3087 Witeby,
1084 3005 1119 3067 in
1134 3025 1174 3087 p,
1190 3005 1246 3070 lib.
1262 3014 1295 3070 et

160 3122 246 3185 perp.
262 3102 309 3180 el,
324 3110 427 3167 totem
449 3105 542 3167 t’rem
564 3125 661 3187 quam
677 3104 742 3167 emi
760 3103 799 3167 de
823 3103 961 3166 Roberto
985 3102 1214 3186 Dispensatore
1236 3124 1294 3187 pro

159 3200 284 3264 duobus
299 3202 389 3279 acris,
400 3203 478 3266 odeo
492 3203 547 3267 lib.
563 3209 596 3267 et
609 3223 688 3285 pure
703 3201 789 3265 siout
801 3201 910 3284 eliqua
924 3201 983 3264 t’ro
997 3206 1104 3283 potest
1115 3201 1247 3266 liberius
1261 3211 1294 3268 et

158 3299 271 3380 purius
286 3299 355 3362 duri
367 3301 464 3365 elicui
479 3301 600 3364 Domui
613 3301 791 3384 Religiosae.
835 3300 903 3382 Ego
915 3319 999 3374 vero,
1014 3299 1120 3363 dictus
1136 3300 1293 3363 Robertus

158 3399 256 3474 Tosti,
271 3406 305 3462 et
319 3400 391 3464 haer.
407 3400 472 3463 mei
486 3399 582 3482 proed.
597 3400 698 3474 t’ram,
713 3419 788 3462 oum
809 3408 889 3480 pert.
905 3397 983 3473 suis,
997 3396 1032 3459 in
1053 3417 1141 3480 perp.
1157 3407 1290 3462 warent-

158 3496 315 3561 izsmibus
337 3498 433 3581 proed.
456 3498 540 3561 Eccl.
566 3497 606 3561 de
631 3498 764 3580 Witeby
789 3517 815 3561 o.
838 3517 865 3559 o.
890 3495 920 3558 h.
945 3501 978 3559 et
1004 3496 1160 3562 foerninas.
1217 3498 1292 3560 Hiis

158 3596 303 3660 testibus.
349 3597 470 3680 Rogero
485 3597 525 3660 de
539 3596 661 3660 Esturs.
708 3594 850 3659 Redulio
866 3594 906 3658 de
921 3594 1091 3657 Mart-one:
1113 3602 1146 3659 et
1160 3595 1240 3658 aliis.

628 3818 820 3883 CCCCXII.

200 3968 271 4051 (22)
295 3968 454 4033 Omnibus
476 3968 535 4033 hes
556 3968 618 4033 litt.
635 3968 693 4032 vis.
708 3966 762 4031 vel
780 3966 851 4030 eud.
867 3966 1036 4042 Emaldus,
1051 3966 1137 4030 filius
1157 3967 1291 4031 Roberti

155 4066 374 4150 Dispensarii³
400 4069 440 4133 de
467 4069 625 4143 Mertone,
648 4066 794 4130 salutem.
850 4067 986 4130 Noverit
1012 4066 1100 4131 univ.
1123 4088 1153 4131 v.
1176 4088 1227 4131 me
1251 4068 1290 4144 d,

191 4189 200 4223 ¹
220 4191 293 4243 will.
308 4193 404 4244 Ruffus
416 4209 525 4259 appears
538 4209 566 4242 us
579 4191 688 4242 witness
701 4191 728 4240 in
740 4191 765 4241 N
768 4207 804 4241 os.
821 4192 878 4251 122,
898 4191 955 4253 126,
969 4190 1022 4241 eud
1037 4192 1094 4242 135.

189 4272 201 4306 ²
218 4292 264 4339 qne
276 4276 392 4327 inserted
407 4274 610 4339 unneoessnrily.

186 4353 197 4386 ³
216 4357 346 4409 Identieel
358 4358 425 4409 with
438 4356 546 4407 Robert’
559 4356 732 4422 Dispensator
745 4353 773 4403 oi
784 4354 835 4405 No.
848 4355 909 4415 408,
921 4353 980 4404 who
992 4352 1015 4403 is
1027 4353 1083 4404 alno
1096 4353 1191 4404 named
1204 4354 1231 4403 in
1242 4355 1288 4403 the

154 4439 294 4506 preceding
305 4441 453 4491 document.
