2918 4980
302 516 576 569 CARTULARIUM
595 515 798 568 ABBATHIAE
817 514 866 564 DE
883 511 1070 566 WHITEBY.
1194 501 1255 559 495

629 788 747 851 DLIV.

164 934 323 999 Omnibus
348 935 467 1000 Christi
496 935 579 1000 fidel.
604 936 662 1000 has
686 936 749 999 litt.
774 935 832 999 vis.
854 936 904 1000 vel
926 936 1008 1013 aud,
1029 937 1052 1000 J
1054 936 1194 999 ohannes
1217 933 1257 997 de

120 1033 328 1119 Geddinges,¹
368 1035 456 1099 filius
492 1036 652 1102 Johannis
689 1036 729 1099 de
768 1036 961 1120 Gaddinges,
997 1036 1053 1099 sat
1090 1037 1127 1098 in
1162 1034 1255 1098 D’no.

119 1133 287 1197 Noveritis
318 1155 369 1198 me
401 1155 496 1211 conc,
520 1135 559 1211 d.,
583 1135 640 1199 et²
668 1134 728 1198 hac
752 1156 824 1199 mea
844 1155 933 1219 praes.
958 1155 982 1198 c.
1010 1135 1092 1198 conf.
1123 1134 1193 1197 Deo
1225 1139 1258 1197 et

120 1233 205 1296 Ecci
229 1233 260 1298 S.
283 1234 371 1297 Petri
394 1241 427 1298 et
449 1235 479 1298 S.
495 1234 605 1298 Hildae
628 1235 667 1299 de
683 1235 824 1319 Witeby,
844 1243 878 1298 et
899 1233 1064 1298 monachia
1087 1233 1163 1298 ibid.
1186 1233 1256 1296 Deo

121 1351 212 1409 seru,
221 1353 330 1396 omnes
343 1331 416 1396 t'ras
428 1333 502 1398 illas
517 1341 550 1398 et
562 1341 783 1399 tenementum
791 1335 888 1418 juxta
899 1355 1017 1419 aquam
1029 1334 1067 1399 de
1077 1334 1258 1408 Deruente,

120 1450 179 1514 pro
194 1432 311 1514 quibus
326 1433 452 1496 reddidi
467 1454 523 1517 per
538 1455 660 1497 annum
676 1456 774 1498 unam
790 1455 883 1497 marc.
899 1455 961 1517 arg.
975 1433 1067 1496 D’nis
1084 1432 1123 1497 de
1139 1433 1258 1514 Percy:

119 1530 304 1596 —Tenend
320 1539 354 1596 et
375 1531 446 1596 hab.
465 1533 561 1596 dictis
584 1533 747 1597 monacbis
769 1534 804 1596 in
826 1533 930 1597 libet
951 1553 1038 1616 perp.
1061 1531 1162 1606 elem,
1184 1550 1257 1594 cum

120 1650 204 1694 omn.
220 1638 299 1714 pert.
315 1631 382 1695 suis
405 1639 438 1695 et
453 1632 583 1716 aysiam.
599 1632 640 1695 ad
663 1632 737 1697 dict.
758 1633 849 1695 t’ram
870 1639 949 1715 pert.
965 1632 1000 1694 in
1016 1629 1127 1706 boscis,
1142 1628 1258 1713 planis,

119 1730 267 1807 bruariis,
296 1731 436 1807 essartis,
466 1733 602 1814 pascuis,
625 1739 658 1795 et
686 1732 833 1815 pasturis,
863 1731 969 1808 moris,
997 1730 1157 1804 turbariis,
1186 1728 1258 1804 viis,

121 1829 254 1906 semitis,
274 1830 376 1913 aquis,
392 1837 424 1894 et
446 1851 531 1894 omn.
552 1831 625 1894 aliis
651 1831 754 1906 rebus,
780 1831 845 1906 lib,
866 1831 971 1913 pacit,
986 1837 1018 1894 et
1042 1828 1257 1893 honorifice-

120 1927 297 1992 Itoddendo
320 1929 397 1994 inde
421 1931 588 1994 annuatim
613 1930 709 1993 dictis
732 1929 825 1993 D'nis
848 1929 887 1992 de
912 1929 1012 2013 Percy
1035 1927 1258 1992 tantummodo

121 2049 220 2092 unam
249 2049 343 2092 marc.
378 2030 509 2114 argenti,
542 2051 599 2113 pro
621 2030 770 2094 omnibus
796 2049 887 2105 seru,
913 2034 1062 2103 consuet,
1085 2035 1196 2103 exact,
1226 2035 1259 2092 et

121 2125 203 2192 dem.
219 2128 431 2192 sacularibus.
476 2129 544 2212 Ego
559 2149 643 2205 vero,
658 2130 681 2194 J
682 2128 833 2203 ohannes,
848 2133 882 2190 et
898 2125 972 2191 haer.
987 2127 1050 2190 mei
1072 2124 1167 2209 praed.
1184 2125 1258 2188 t’ras

122 2234 155 2290 et
170 2234 363 2305 tenementa,
377 2228 413 2291 in
435 2249 518 2293 omn.
536 2236 569 2292 et
582 2249 638 2312 per
654 2227 770 2304 omnia,
785 2227 897 2310 procul
912 2233 946 2291 et
961 2247 1067 2310 prope,
1082 2225 1157 2288 dict.
1173 2245 1256 2288 mon.

122 2335 233 2391 contra
256 2349 283 2392 o.
306 2328 338 2391 h.
363 2336 395 2392 et
418 2329 438 2393 f.
461 2349 519 2412 per
539 2329 634 2412 praed.
659 2348 797 2392 marcam
818 2327 972 2411 praedicto
994 2326 1088 2390 modo
1103 2325 1196 2389 D’nis
1219 2324 1258 2389 de

122 2426 224 2510 Percy
246 2427 442 2504 solvendam,
464 2449 546 2505 war,
569 2430 650 2511 adq,
673 2435 705 2492 et
728 2427 788 2491 det.
812 2427 1057 2511 imperpetuum.
1102 2426 1144 2489 In
1167 2425 1260 2509 cujus

121 2544 145 2589 r.
160 2529 232 2589 test.
248 2524 308 2589 hoc
323 2547 369 2610 pr.
385 2547 443 2591 sor.
456 2527 655 2611 appositione
674 2526 730 2609 sig.
750 2525 814 2589 mei
829 2526 982 2589 roboravi.
1023 2525 1098 2589 Hiis
1112 2525 1258 2589 testibus.

121 2623 207 2688 D’no
230 2623 386 2690 Nicholao
414 2627 454 2691 de
476 2627 660 2710 Hestinges,
682 2626 799 2690 Milite.
844 2626 965 2690 Thoma
987 2625 1027 2691 de
1049 2625 1256 2689 Edbrestona.

122 2721 289 2787 Willelmo
305 2724 344 2788 de
359 2725 474 2790 Everle
489 2725 529 2790 de
545 2725 789 2809 Ugelbardeby:
804 2732 837 2790 et
851 2725 931 2790 aliis.

439 3012 538 3076 DLV.
562 3014 575 3094 (
581 3013 655 3096 160)
672 3012 793 3078 Carra
808 3012 940 3078 Rnoou.

167 3172 376 3251 Willelmus,8
412 3176 475 3239 Dei
511 3197 555 3260 gr.
593 3176 662 3240 Rex
700 3177 837 3260 Angliae,
874 3176 1049 3259 T[homae]⁴
1081 3176 1260 3259 Arohiep’o,

124 3282 159 3339 et
183 3274 289 3338 Alano
313 3275 442 3352 Comiti,
468 3281 501 3340 et
526 3275 694 3360 R[adulfo]
722 3275 917 3360 Paganello‚⁵
942 3284 976 3340 et
1001 3277 1149 3340 omnibus
1176 3275 1260 3341 fidel.

124 3374 200 3450 suis,
222 3374 428 3458 Francigenis
455 3381 488 3439 et
509 3375 634 3458 Anglis,
658 3375 804 3440 salutem.
849 3375 965 3440 Sciatis
989 3375 1075 3458 quod
1098 3396 1154 3458 ego
1177 3374 1261 3451 dedi,

123 3493 180 3556 pro
210 3472 274 3536 Dei
296 3493 411 3549 amore,
434 3475 469 3537 in
495 3474 585 3538 elem.
610 3495 706 3558 perp,
733 3496 789 3558 pro
816 3495 842 3538 a.
866 3495 937 3538 mea
959 3480 992 3538 et
1014 3494 1070 3557 pro
1092 3474 1261 3538 animabus

122 3571 197 3635 haer.
213 3593 367 3649 meorum,
383 3573 534 3637 Ecclesiae
557 3574 586 3637 S.
604 3575 691 3638 Petri
715 3575 754 3638 de
770 3575 925 3657 Presteby
941 3580 974 3638 et
991 3573 1031 3637 de
1048 3573 1213 3658 Whiteby,
1228 3580 1261 3639 et

125 3671 250 3736 Serloni
266 3673 377 3750 Priori,
393 3679 427 3736 et
441 3673 606 3737 monachis
622 3674 698 3738 ibid.
713 3675 790 3738 Dec.
807 3695 896 3751 serv,
907 3682 945 3737 ut
959 3674 1100 3738 habeant
1111 3675 1152 3738 ad
1163 3674 1258 3757 praed.

123 3772 303 3836 Ecclesiam
328 3773 410 3838 tales
434 3772 520 3857 leges
544 3781 578 3837 et
602 3774 852 3838 consuetudines
869 3774 980 3858 quales
1002 3774 1099 3838 habet
1121 3774 1206 3838 Eccl.
1229 3774 1260 3838 S.

123 3872 285 3938 Johannis
309 3872 482 3949 Beverlaci,
498 3880 531 3937 et
550 3873 609 3936 illa
631 3873 671 3937 de
694 3874 827 3957 Ripona,
843 3881 876 3938 et
891 3874 921 3938 S.
937 3875 1025 3938 Petri
1047 3874 1087 3937 de
1110 3875 1260 3940 Eboraco

124 3971 272 4036 Concedo
294 3972 392 4036 etiam
413 3979 447 4037 et
468 3973 620 4037 confirmo
641 3973 746 4038 eidem
767 3973 852 4038 Eocl.
868 3974 907 4038 de
923 3973 1077 4057 Whiteby
1093 3973 1259 4038 ecclesiam

160 4147 169 4182 ¹
187 4150 236 4201 See
248 4149 311 4200 Nos.
327 4152 450 4202 sia-514.
736 4148 747 4183 ²
764 4153 791 4201 io
803 4150 999 4216 unnecesaarily
1012 4149 1129 4202 inserted
1141 4152 1210 4203 here.

160 4231 172 4266 ³
189 4234 307 4285 william
319 4234 366 4286 the
378 4235 537 4300 Conqueror.

158 4314 169 4348 ⁴
186 4317 301 4368 Thomas
313 4318 346 4368 de
358 4319 475 4383 Bayeux,
488 4318 547 4369 first
560 4318 678 4368 Norman
690 4319 859 4384 Archbishop
871 4319 899 4368 oi
911 4318 1005 4369 York:
1027 4317 1184 4372 1070-1100.

159 4397 170 4432 ⁶
187 4399 258 4450 Both
271 4400 346 4451 these
364 4417 520 4469 personages
537 4418 581 4452 are
600 4400 684 4452 found
701 4417 797 4469 among
814 4401 861 4452 tho
874 4402 1012 4452 witnesscs
1030 4406 1059 4452 to
1077 4401 1126 4453 No.
1142 4404 1184 4463 25,
1200 4402 1261 4452 Earl

128 4483 209 4550 Hugh
222 4482 251 4534 oi
263 4483 394 4535 chester's
406 4489 485 4550 grant
496 4487 525 4534 to
538 4483 667 4534 Reinirid.
