2918 4980
279 435 549 490 OARTULARIUM
569 438 773 492 ABBATHIAE
790 441 839 492 DE
856 441 1044 495 WHITEBY.
1167 432 1228 490 389

90 604 320 677 retenemento,
345 600 441 667 dictis
466 603 589 667 Abbati
615 609 648 669 et
675 605 783 683 Conv,
810 613 843 670 et
869 627 980 671 eorum
1006 627 1100 684 succ,
1123 608 1232 687 libere,

91 700 231 783 pacifice,
255 707 288 766 01
309 702 433 785 integre
454 703 702 786 imperpetuum.
746 705 789 769 Et
811 725 878 789 ego,
900 705 1083 783 Galwanus,
1101 714 1134 771 et
1156 706 1230 771 baer.

91 799 164 875 mei,
179 801 288 864 omnia
310 808 343 866 01
363 801 499 886 singula,
514 803 597 878 t'ras,
613 798 698 886 (41¹³)
721 804 875 881 redditus,
891 813 924 869 01
946 814 1130 870 tenemento
1145 827 1232 890 quee-

91 919 219 983 cunque
240 901 345 984 praed,
361 921 435 964 cum
456 908 535 985 pert.
552 902 619 966 suis
641 902 897 987 quibuscunque,
913 905 1033 969 eisdem
1055 906 1177 970 Abbati
1199 913 1232 970 01

92 998 191 1063 0000.
214 1007 248 1064 01
270 1021 380 1064 eorum
402 1021 484 1065 succ.
500 1007 611 1065 contra
633 1022 743 1065 omnes
766 1023 837 1066 war.
854 1012 887 1067 01
902 1004 962 1068 def.
985 1005 1230 1088 imperpetuum.

91 1097 133 1161 In
163 1100 256 1182 cnjus
286 1101 331 1164 rei
361 1107 433 1164 test.
456 1121 503 1184 pr.
526 1121 551 1165 c.
574 1102 629 1184 sig.
653 1121 762 1165 meum
792 1103 935 1186 apposui
981 1103 1056 1167 Hiis
1083 1104 1229 1167 testibus.

90 1195 233 1262 Domino
259 1198 444 1262 Alexandro
471 1199 510 1263 de
537 1198 660 1281 Percy,1
687 1199 804 1265 Milite.
857 1201 951 1265 Petro
977 1202 1017 1266 de
1044 1202 1228 1284 Lyncolnia

91 1295 213 1361 Thomc
239 1296 278 1361 de
305 1296 534 1382 Lounsburgh'.
590 1299 726 1362 Ricardo
753 1299 792 1364 de
822 1300 962 1364 Lithum.
1020 1301 1160 1364 Radulfo
1190 1301 1229 1364 de

91 1393 288 1459 Molendino.
334 1395 479 1461 Galfrido
494 1397 621 1461 Lambe.
665 1397 832 1461 Willelmo
847 1399 913 1462 filio
929 1399 1074 1463 Osberti:
1097 1406 1129 1464 01
1147 1400 1227 1463 aliis.

90 1493 214 1557 Datum
237 1495 323 1579 apud
343 1496 466 1560 Donsle
488 1496 629 1560 secundo
643 1496 696 1560 die
711 1498 829 1562 mensis
852 1500 875 1563 J
876 1498 945 1576 ulii,
959 1499 1041 1565 AD.
1056 1498 1229 1563 millesimo

90 1600 181 1657 ecc¹¹¹⁰
196 1594 348 1660 vicesimo
362 1600 461 1660 sexto.

500 1783 792 1851 CCCCXXXVII.

137 1918 229 1983 Omn
247 1918 369 1983 Christi
383 1919 532 1985 fidelibus
547 1942 592 2005 pr.
609 1942 668 1986 scr.
681 1921 741 1986 vis.
756 1921 812 1986 vel
825 1922 908 2000 aud,
924 1923 1045 2006 Symon
1061 1923 1101 1986 de
1116 1923 1228 2005 Percy,

91 2016 178 2081 filius
189 2017 349 2082 Willelmi
360 2019 399 2083 de
415 2020 516 2103 Percy
528 2020 568 2084 de
583 2021 714 2098 Donsle,
726 2041 749 2084 0.
761 2021 797 2084 10
812 2022 961 2085 Domino.
998 2022 1032 2084 N
1032 2022 1162 2085 overitis
1175 2041 1227 2084 me

92 2136 188 2194 conc,
209 2118 379 2199 remisisse,
403 2124 436 2183 et
458 2121 589 2183 omnino
612 2119 651 2185 de
675 2141 727 2184 me
753 2127 786 2185 et
812 2119 889 2203 haer.¹
909 2121 989 2184 meis
1014 2120 1146 2204 imperp.
1174 2140 1226 2203 qu.

91 2215 244 2281 clamasse
259 2218 337 2281 viris
352 2218 531 2303 Religiosis,
541 2219 661 2283 Abbati
676 2225 709 2283 et
724 2219 822 2283 0000.
840 2219 880 2283 (10
896 2219 1059 2302 Whiteby,
1070 2225 1103 2283 et
1117 2239 1227 2283 eorum

91 2336 225 2381 success.
241 2337 335 2382 omne
346 2318 401 2402 jus
416 2326 449 2382 01
471 2318 623 2382 0100010ιο
645 2340 718 2403 quae
739 2318 839 2382 habui
853 2319 907 2382 vel
927 2319 1043 2383 habere
1065 2325 1176 2402 potero
1191 2319 1225 2382 10

90 2417 234 2483 manerio
256 2417 296 2482 de
316 2418 441 2483 Donsle
463 2426 496 2483 et
518 2419 661 2483 dominio
683 2418 771 2483 villas
793 2418 947 2503 ejusdem,
962 2439 1036 2483 cum
1059 2440 1143 2484 omn.
1159 2419 1226 2483 suis

90 2523 180 2603 pert,
194 2523 232 2582 01
254 2519 289 2581 10
311 2518 378 2582 t’ris
401 2517 585 2595 arabilibus,
599 2519 709 2602 pratis,
723 2519 859 2602 pascuis,
874 2519 1024 2602 pasturis,
1039 2521 1141 2602 aquis,
1155 2519 1227 2596 viis,

91 2618 224 2695 semitis,
236 2617 438 2696 molendinis,
447 2618 588 2696 vivariis,
599 2617 767 2703 homagiis,
778 2619 919 2683 servitiis
930 2618 1226 2682 libere-tenentium

91 2717 164 2802 (42)
186 2738 458 2802 quorumcunque,
482 2718 595 2794 boscis,
618 2717 725 2795 moris,
746 2718 857 2794 vastis,
881 2717 1006 2792 wardis,
1032 2717 1170 2793 releviis,
1194 2722 1227 2782 et

90 2817 240 2894 eskeetis,
261 2837 299 2881 ac
320 2837 404 2881 omn.
428 2817 500 2882 aliis
523 2825 556 2881 01
580 2816 716 2900 singulis
737 2816 945 2900 pertinenciis
967 2817 1043 2892 suis,
1066 2816 1106 2880 ad
1129 2815 1225 2900 praed.

90 2917 271 2980 manerium
293 2917 333 2981 de
358 2916 504 2981 Dunsele
528 2922 561 2980 et
587 2915 766 2980 dominium
792 2915 935 2997 ejusdem
959 2915 1226 2999 qualitercunque

89 3014 320 3099 spectantibus,
332 3014 401 3078 sine
416 3015 525 3098 aliquo
540 3020 767 3091 retenemento,
779 3015 826 3078 ita
840 3014 926 3097 quod
942 3034 1001 3078 nec
1017 3034 1083 3098 ego,
1096 3015 1226 3097 symon,

89 3134 150 3179 nec
171 3113 244 3178 baer.
265 3114 339 3190 mei,
353 3134 412 3178 nec
432 3114 550 3198 aliquis
573 3135 630 3197 per
651 3133 711 3177 nos
731 3134 791 3177 nec
809 3113 939 3178 nomine
961 3120 1079 3189 nostro,
1101 3113 1226 3195 aliquid

86 3213 170 3298 Juris
199 3213 253 3277 vel
282 3212 391 3277 clamii
418 3214 455 3276 in
484 3213 580 3296 praed.
606 3213 748 3276 manerio
778 3213 818 3277 de
847 3212 991 3276 Dunsele
1020 3219 1053 3277 01
1083 3212 1225 3275 dominio

90 3312 244 3398 ejusdem,
255 3333 330 3377 cum
345 3312 553 3396 pertinenciis
568 3313 634 3377 suis
650 3313 905 3396 quibuscunque,
917 3312 956 3375 de
972 3321 1084 3375 caetero
1100 3312 1225 3395 exigere

89 3412 143 3478 vel
157 3411 328 3477 vendicare
349 3412 527 3496 poterimus
542 3412 758 3475 infuturum:
784 3419 834 3476 001
856 3431 908 3474 me
929 3418 963 3475 01
984 3409 1058 3474 haer.
1074 3431 1162 3474 meos
1184 3411 1225 3474 ab

90 3510 180 3577 omni
208 3511 335 3575 actione
363 3518 397 3575 et
422 3510 562 3575 remedio
592 3511 747 3594 quicquid
776 3510 811 3573 in
837 3509 999 3594 praedictis
1025 3510 1166 3572 manerio
1193 3515 1226 3574 01

90 3610 244 3688 dominio,
266 3631 340 3675 cum
362 3611 430 3675 suis
454 3610 672 3694 pertinenciis,
694 3609 827 3694 petendi
849 3630 906 3674 acu
928 3609 1170 3691 calumpniandi
1190 3608 1225 3671 in

88 3748 145 3800 this
162 3763 261 3815 sppssr
276 3751 305 3798 10
318 3747 381 3798 bes
398 3748 453 3799 real
471 3764 527 3809 one,
549 3748 599 3798 101
616 3746 645 3798 10
663 3746 736 3797 what
754 3747 777 3797 11
794 3746 907 3797 00001010
924 3745 949 3797 10
966 3749 1015 3796 001
1032 3750 1061 3796 01
1078 3744 1137 3796 first
1154 3744 1228 3811 sight

89 3836 225 3899 apparent
269 3831 404 3882 Professor
421 3832 528 3894 Stubbs,
548 3831 577 3882 in
595 3831 641 3882 the
659 3830 785 3896 Glossary
802 3834 831 3881 to
851 3829 894 3881 his
911 3830 988 3881 Scae
1007 3829 1135 3890 0100100,
1153 3829 1228 3895 gives

90 3913 254 3967 “clamosus‘’
267 3930 296 3965 00
307 3914 355 3966 tho
366 3914 540 3982 signification
553 3913 581 3965 01
592 3913 657 3965 1011
667 3913 808 3964 damiatam
819 3913 872 3963 snd
884 3912 1045 3974 dominicum,
1055 3911 1106 3961 sud
1119 3912 1227 3962 domim·

89 4015 133 4051 eus
151 4014 180 4049 ss
197 3997 344 4066 signifying
362 3997 450 4049 “held
469 4014 497 4048 ss
515 3997 647 4059 demesne,
661 4013 691 4047 or
708 3996 854 4047 connected
866 3995 932 4047 with
950 3994 999 4047 11.”
1035 3994 1167 4061 Probably
1180 3995 1227 4045 the

90 4081 248 4135 distinction
259 4081 359 4148 alleged
373 4081 456 4132 above
468 4081 573 4148 implies
589 4081 659 4143 that,
672 4081 702 4130 in
714 4079 834 4131 addition
847 4084 876 4130 to
889 4079 936 4130 the
955 4078 1078 4129 demesne
1097 4095 1227 4143 proper-

89 4165 161 4218 “she
172 4166 357 4217 mmor-house
369 4165 422 4216 and
434 4165 481 4216 the
493 4164 570 4215 lends
581 4164 644 4214 bald
655 4163 799 4214 tharawith
811 4163 840 4214 in
852 4162 898 4213 the
910 4160 1062 4212 immediate
1079 4162 1227 4226 possession

89 4247 173 4300 011100
184 4247 377 4300 lord''-other
388 4248 465 4299 lands
476 4247 564 4314 might
574 4246 608 4297 be
620 4245 683 4297 held
695 4263 723 4298 as
735 4247 848 4298 (10100000
859 4245 955 4306 which,
970 4242 1076 4309 strictly
1089 4260 1119 4294 or
1130 4243 1227 4311 legally

88 4331 225 4399 speaking,
238 4348 308 4383 ware
320 4337 368 4383 not
379 4331 496 4397 sotirally
507 4331 580 4383 such.

125 4411 136 4447 ¹
153 4414 202 4466 Sec
213 4418 277 4466 note
288 4419 318 4465 10
329 4414 379 4466 No.
396 4416 438 4477 19,
450 4430 474 4480 p.
489 4416 531 4475 22,
544 4413 598 4464 aud
611 4413 659 4465 No.
674 4414 732 4464 380.

155 4512 226 4562 VOL.
241 4512 275 4564 11.
1077 4508 1095 4556 0
