2918 4980
304 453 575 504 CARTULARIUM
594 453 797 504 ABBATHIAE
816 454 866 504 DE
885 454 1070 506 WHITEBY.
1184 441 1246 501 373

110 636 208 693 cone,
233 624 267 682 et
292 617 352 681 hae
378 637 468 700 praes.
491 638 516 682 c.
539 637 611 681 mea
633 619 714 682 conf.
738 619 809 682 Deo
831 624 865 682 et
886 618 971 682 Ecel.
995 619 1025 682 S.
1050 618 1138 683 Petri
1161 625 1194 681 et
1216 617 1246 682 S.

111 715 221 779 Hildae
236 717 277 780 de
291 717 434 799 Witeby,
448 717 483 780 in
498 738 538 800 p,
549 716 604 782 lib.
617 723 649 781 et
663 738 750 801 perp.
763 718 811 795 el,
827 718 907 782 duas
922 738 1011 782 aeras
1026 719 1093 782 t’rae
1108 716 1248 793 arabilis

110 833 185 878 eum
200 823 269 880 teta
283 816 523 880 vestura-scil.
539 825 603 880 tres
618 817 711 880 rodas
726 838 822 900 super
837 817 1085 892 Berewaldeflat‚
1100 825 1133 880 et
1148 837 1246 879 unam

110 914 220 978 rodam
236 917 271 979 in
287 917 388 992 Mora,
400 923 431 980 et
447 937 546 979 unam
562 936 666 979 acram
683 937 723 980 ex
739 924 874 1000 utraque
890 924 979 1000 parte
995 917 1034 980 de
1050 915 1248 991 Haraldesia

109 1034 184 1077 cum
207 1036 291 1079 omn.
307 1023 386 1099 pert.
403 1022 436 1078 et
457 1015 656 1078 aisiamentis
679 1015 782 1079 eidem
805 1017 871 1079 t'rae
889 1015 1134 1098 pertinentibus.
1179 1016 1247 1098 Ego

109 1133 194 1191 vero,
209 1114 315 1179 dictus
334 1113 503 1189 Ernaldus,
521 1119 554 1177 et
575 1112 649 1178 haer.
665 1114 729 1177 mei
751 1114 845 1197 praed.
862 1116 964 1190 t'ram‚
979 1135 1053 1178 cum
1075 1120 1154 1197 pert.
1170 1114 1247 1192 suis,

108 1214 205 1296 praed.
227 1213 312 1278 Eeel.
335 1213 374 1278 de
396 1213 529 1296 Witeby
552 1233 577 1277 a.
600 1233 628 1277 ο.
651 1213 681 1276 h.
705 1218 737 1277 et
759 1213 779 1276 f.
803 1213 838 1276 in
860 1234 947 1297 perp.
966 1213 1246 1277 warantizabimus

109 1311 199 1394 [Hiis
221 1313 381 1396 testibus]
427 1313 549 1397 Rogero
571 1312 612 1375 de
630 1313 752 1376 Esturs.
793 1312 931 1377 Radulfo
954 1312 994 1377 de
1021 1313 1188 1377 Maitona:
1213 1319 1247 1377 et

574 1645 785 1711 CCCOXIII.

153 1816 239 1901 (22b)
269 1820 428 1884 Omnibus
459 1819 489 1884 S.
517 1819 562 1882 M.
590 1819 675 1883 Eccl.
702 1819 777 1883 filiis
808 1820 848 1883 ad
879 1841 959 1903 quos
989 1841 1034 1903 pr.
1062 1841 1119 1885 scr.
1149 1841 1245 1904 perv„

109 1918 301 1995 Willelmus,
327 1919 414 1983 filius
445 1918 573 1983 Ricardi
604 1917 643 1981 de
672 1918 888 2002 Levingtorp)
919 1920 1065 1982 salutem.
1110 1920 1246 1983 Noverit

108 2017 198 2081 univ.
209 2038 237 2081 v.
250 2039 302 2082 me
317 2018 356 2094 d.,
368 2038 453 2083 cone.
470 2017 578 2082 etheo
593 2038 638 2100 pr.
655 2039 679 2080 c.
697 2037 767 2081 mea
782 2017 863 2081 conf.
879 2018 949 2080 Deo
966 2025 997 2081 et
1013 2018 1098 2082 Eecl.
1115 2020 1145 2083 S.
1158 2019 1247 2082 Petri

109 2123 143 2180 et
161 2117 190 2181 S.
207 2117 316 2181 Hildae
339 2117 378 2182 de
394 2117 534 2200 Witeby,
551 2123 584 2180 et
599 2137 683 2180 mon.
700 2116 741 2179 ib.
757 2117 827 2180 Deo
843 2118 1065 2193 servientibus,
1079 2119 1114 2179 in
1134 2117 1199 2193 lib,
1214 2139 1244 2201 p.

108 2221 142 2280 et
163 2237 249 2300 perp.
271 2217 320 2293 el.‚
339 2216 449 2280 dimid.
473 2237 578 2279 acram
602 2215 668 2279 t'rae
690 2215 820 2279 arabilis
843 2236 939 2299 super
962 2215 1133 2293 Wll'holes‚
1150 2217 1246 2299 juxta

108 2323 225 2378 terram
241 2316 359 2379 Prioris
374 2315 414 2379 de
429 2316 600 2389 Giaburna,
617 2320 650 2377 et
664 2334 762 2377 unam
779 2335 883 2378 aeram
896 2315 982 2398 apud
999 2316 1245 2399 Hungerscotes,

104 2415 201 2497 juxte
215 2422 334 2479 tenram
348 2414 494 2498 ejusdam
509 2413 636 2487 Prioris,
651 2421 684 2477 et
699 2414 843 2496 quinque
858 2414 951 2477 rodas
966 2415 1053 2497 apud
1069 2415 1244 2479 Suarthou·

108 2514 174 2590 ker,
186 2515 281 2597 juxta
303 2522 419 2578 temam
445 2512 523 2576 dicti
538 2512 667 2587 Peioris,
683 2518 715 2575 et
730 2532 828 2575 unam
844 2533 948 2576 acram
965 2513 1051 2595 apud
1066 2514 1243 2597 Kirkegate

108 2633 181 2695 quae
196 2613 324 2676 abuttat
338 2631 434 2694 super
448 2609 612 2694 Depedale
624 2611 720 2692 juxta
735 2611 825 2673 t'ram
841 2610 921 2674 dicti
937 2611 1063 2688 Prioris,
1075 2613 1108 2675 in
1125 2633 1244 2676 eseam-

108 2712 197 2776 bium
221 2732 279 2795 pro
301 2711 405 2774 tribus
427 2711 508 2774 aeris
531 2711 598 2773 t’rae
620 2710 749 2773 arabilis
773 2731 844 2793 quae
863 2711 973 2793 jacent
995 2731 1091 2794 super
1111 2713 1243 2776 Gilhus-

108 2830 178 2873 mor
196 2811 292 2893 juxta
313 2811 403 2875 t’ram
428 2810 508 2874 dicti
529 2810 655 2873 Prioris.
700 2810 767 2892 Ego
783 2830 866 2885 vero,
882 2810 988 2873 dictus
1003 2810 1196 2888 willelmus,
1212 2821 1244 2874 et

108 2908 182 2973 haer.
199 2909 260 2974 mei
283 2911 369 2993 praef.
386 2910 486 2985 t’rem,
501 2929 600 2992 quam
622 2908 696 2972 dedi
718 2908 752 2971 in
776 2909 973 2972 escambium
995 2909 1089 2973 dietae
1104 2910 1187 2974 Eeel.
1203 2911 1244 2973 de

107 3008 241 3092 Witeby
264 3019 296 3072 et
317 3009 414 3072 dietis
436 3008 611 3084 monachis,
633 3015 743 3070 eontra
765 3028 792 3071 ο.
816 3007 845 3070 h.
865 3016 898 3072 et
915 3008 934 3070 f.
951 3009 985 3070 in
1006 3029 1091 3092 perp.
1108 3016 1243 3074 warent-

107 3108 273 3173 izabimus.
332 3108 406 3171 Hiis
444 3108 590 3171 testibus.
649 3107 807 3190 Magistro
845 3107 983 3191 Hugone
1021 3107 1061 3171 de
1097 3108 1243 3172 Fostona.

108 3207 272 3291 Stephano
287 3206 401 3271 Rosel:
424 3215 457 3270 et
472 3206 552 3269 aliis

571 3415 771 3480 CCCOXIV.

151 3586 238 3673 (zzl‘)
250 3590 409 3654 Omnibus
419 3589 478 3653 has
489 3589 552 3654 litt.
567 3590 625 3653 vis.
635 3588 687 3652 vel
699 3589 770 3652 aud.
784 3588 943 3652 Robertus
955 3590 1200 3673 Dispensarius²
1211 3600 1242 3655 et

107 3688 267 3753 Ernaldus
283 3690 322 3754 de
337 3689 487 3752 Martona
502 3688 589 3751 filius
605 3689 682 3770 ejus,
698 3687 843 3751 salutem.
886 3688 1022 3752 Noverit
1037 3690 1124 3752 univ.
1140 3711 1168 3753 v.
1186 3712 1243 3754 nos

108 3787 178 3852 ded.
196 3795 229 3852 et
250 3809 339 3871 praes.
356 3808 380 3851 e.
397 3793 507 3851 nostre
529 3788 610 3850 conl.
627 3787 697 3849 Deo
720 3794 753 3849 et
774 3785 859 3850 Eeel.
877 3787 907 3850 S.
924 3788 1011 3850 Petri
1034 3796 1066 3852 et
1087 3789 1116 3852 S.
1133 3790 1242 3854 Hildae

107 3887 147 3951 de
166 3886 300 3969 Witeby
315 3895 348 3949 et
363 3907 446 3950 mon.
463 3886 504 3949 ib.
520 3886 590 3949 Deo
612 3905 690 3948 serv.
707 3885 742 3946 in
757 3885 822 3961 lib,
837 3907 866 3968 p.
883 3891 915 3949 et
929 3907 1015 3969 perp.
1032 3888 1121 3952 elem.
1138 3896 1242 3952 totum

107 3992 238 4069 pratum
259 3994 405 4049 nostrum
429 3985 514 4068 quod
530 3984 702 4047 habuimus
718 3984 753 4047 in
769 3983 959 4047 Plumwith³
974 3994 1007 4049 et
1022 3987 1057 4049 in
1073 3987 1243 4071 Crosseby-

143 4156 153 4191 ¹
171 4159 220 4210 See
232 4159 294 4210 Noa
311 4162 368 4220 144,
384 4161 445 4220 409,
458 4164 508 4210 ete.
840 4157 850 4190 ²
869 4159 916 4210 See
928 4160 978 4210 No.
992 4162 1052 4220 412,
1068 4161 1120 4210 and
1134 4167 1204 4211 note.

142 4238 154 4273 ³
171 4241 228 4291 The
246 4240 310 4292 final
328 4242 442 4291 alemant
459 4243 487 4292 in
505 4240 559 4291 this
578 4257 654 4291 name
666 4240 688 4290 in
700 4256 717 4290 a
728 4240 814 4291 direct
825 4243 1032 4309 representative
1045 4243 1072 4292 ol
1085 4243 1114 4292 Ο.
1130 4244 1161 4292 N.
1176 4244 1241 4306 mbr,

107 4324 191 4386 wood,
205 4325 258 4375 end
270 4325 299 4375 in
311 4329 359 4376 not
371 4341 387 4374 a
398 4325 449 4375 lew
462 4325 594 4375 instances
607 4323 654 4374 hes
665 4324 743 4391 given
757 4324 829 4389 place
841 4326 869 4374 in
881 4324 935 4374 like
947 4342 1037 4376 names
1049 4330 1077 4376 to
1090 4325 1149 4376 that
1161 4327 1242 4379 word.

107 4407 180 4458 Thus
200 4406 398 4469 '‘Incliwood,”
417 4407 444 4458 in
463 4407 510 4458 the
528 4406 595 4458 local
613 4423 689 4457 name
708 4406 857 4458 Loekwood
877 4406 948 4458 Beck
971 4411 1014 4470 (on
1035 4407 1081 4457 the
1104 4407 1244 4474 high-read

150 4504 222 4555 VOL.
237 4504 271 4554 11.
1090 4506 1110 4553 Β
