2918 4980
310 545 584 600 CARTULARIUM
597 544 806 596 'ABBATHIAE
825 543 875 596 ΒΕ
889 544 1077 600 WHITEBY.
1205 538 1267 597 639

132 710 223 776 sione
245 711 307 776 sibi
329 710 588 795 competentibus
610 708 824 793 indignitate
847 713 880 772 et
903 709 1001 774 officii
1021 713 1215 790 memoratis,
1236 718 1270 778 et

131 811 244 875 statim
259 812 340 876 dicti
355 811 581 874 Procuratores
596 809 718 873 dictam
732 813 857 892 partem
879 808 977 894 hujus
999 815 1119 876 nostrae
1140 812 1268 876 ordina·

132 911 230 976 tionis
245 911 470 995 approbantes,
482 917 516 974 et
530 908 775 992 adquiescentes
788 908 901 986 eidem,
911 911 1128 993 procuratorio
1139 912 1269 976 nomine

132 1012 239 1077 fratris
255 1011 386 1075 Thomae
407 1009 544 1073 Abbatis
566 1008 723 1092 praedicti,
744 1016 912 1072 cesserunt
934 1015 967 1073 et
986 1010 1098 1075 ecdem
1119 1032 1268 1095 procura-

131 1112 215 1176 torio
240 1111 372 1175 nomine
397 1108 628 1174 renuntiarunt
653 1107 807 1191 dignitati
830 1115 865 1172 et
886 1108 990 1174 officio
1012 1110 1185 1176 antedictis
1206 1112 1268 1176 sub

132 1210 217 1274 infra
242 1209 363 1293 scripto
383 1207 598 1272 tenerez—In
620 1206 686 1271 Dei
707 1206 847 1284 nomine,
868 1207 984 1273 Amen.
1030 1209 1145 1274 Coram
1168 1211 1267 1288 vobis,

132 1308 320 1375 Venerabili
345 1307 431 1392 patri
455 1307 491 1371 in
518 1306 657 1383 Christe,
681 1312 715 1370 ct
741 1305 815 1369 d'no
841 1313 961 1385 nostro,
985 1308 1070 1372 D'no
1092 1310 1267 1387 Willelmo,

132 1410 215 1476 D.G.
244 1415 305 1474 etc.
341 1428 410 1484 nos,
442 1407 557 1470 iratres
585 1404 725 1470 Thomas
761 1406 802 1470 de
839 1405 963 1470 Garton
999 1413 1032 1472 at
1063 1408 1191 1474 Alanus
1227 1411 1268 1476 de

132 1508 289 1592 Malteby,
315 1506 431 1571 Mon’ii
453 1506 493 1570 de
518 1505 674 1589 Whiteby
696 1525 862 1581 common,
888 1514 921 1570 et
945 1516 1167 1590 procuratores
1189 1511 1267 1578 Rau.

132 1608 197 1672 viri
222 1607 386 1692 Religiosi,
412 1605 543 1670 Thcmae
573 1604 614 1669 de
639 1605 777 1682 Malton,
806 1605 946 1669 Abbatis
975 1607 1119 1690 ejusdem
1146 1610 1268 1689 Mon'ii,

132 1707 349 1790 procuratorio
378 1706 510 1770 nomine
546 1704 725 1781 constituti,
755 1704 905 1788 dignitati
935 1713 969 1769 et
998 1706 1101 1771 officio
1131 1710 1268 1778 Abbatis

132 1808 278 1890 ejusdem
300 1807 415 1870 Mon'ii
437 1805 534 1889 praed.
556 1825 642 1889 proc.
668 1805 797 1869 nomine
820 1805 972 1881 cedimus,
994 1805 1036 1869 ad
1057 1807 1091 1870 id
1113 1807 1268 1877 habentes

133 1907 271 1991 speciale
286 1906 486 1982 mandatum,
501 1911 534 1970 et
548 1905 775 1969 renunciamus
790 1926 870 1989 pure
885 1910 920 1968 et
937 1913 1060 1988 sponte,
1074 1907 1161 1972 dicto
1183 1931 1267 1994 proc.

133 2009 272 2084 nomine,
295 2007 384 2070 omni
403 2006 470 2090 juri
492 2011 526 2069 et
546 2004 750 2088 possessioni,
772 2004 1041 2088 qualitercunque
1067 2006 1153 2072 dicto
1175 2009 1266 2075 fratri

133 2106 263 2170 Thomae
288 2104 545 2189 competentibus
571 2104 608 2167 in
634 2103 786 2187 dignitati
811 2109 845 2168 ct
866 2103 970 2167 officio
993 2105 1130 2170 Abbatis
1152 2107 1267 2173 Mon’ii

133 2205 297 2270 antedicti.
336 2205 461 2268 Datum
476 2204 537 2268 sub
553 2203 609 2286 sig.
625 2203 744 2267 nostris
758 2203 845 2286 apud
859 2203 967 2286 Thorp
978 2203 1074 2286 juxta
1088 2206 1183 2270 Ebor.
1193 2209 1267 2292 [ata

132 2326 215 2369 mnae
230 2306 302 2369 dota
316 2326 352 2368 aa
374 2303 492 2388 before}
537 2303 755 2368 Attendentes
770 2302 868 2367 etiam
883 2323 1026 2386 persona
1048 2305 1143 2387 praed.
1159 2307 1269 2374 fratris

134 2405 265 2470 Thomas
293 2404 484 2489 qualitatem
517 2422 554 2467 ac
584 2402 806 2467 honorabilem
835 2407 956 2467 statum
986 2423 1084 2487 quem
1112 2404 1268 2473 hactenus

134 2505 283 2580 obtinuit,
313 2525 351 2568 ac
381 2503 558 2567 multorum
587 2503 745 2567 bonorum
774 2521 907 2585 operum
933 2522 1073 2579 suorum,
1095 2510 1129 2568 et
1153 2506 1269 2572 utilem

133 2606 311 2688 gestionem
327 2603 406 2668 dicti
421 2603 518 2668 officii
533 2603 690 2687 quamdiu
704 2602 812 2686 potuit
827 2601 945 2666 valiter
965 2601 1117 2681 laborare,
1132 2605 1270 2671 Ordina-

135 2724 215 2780 mus,
241 2703 411 2767 laudamus
438 2708 470 2766 et
497 2702 698 2766 decernimus
720 2701 807 2785 quod
830 2701 916 2766 idem
942 2701 1089 2779 Thomas,
1114 2707 1270 2788 quamdiu

134 2803 262 2879 vixerit,
285 2802 403 2866 habeat
424 2809 458 2864 et
479 2801 637 2884 percipiat
658 2802 829 2865 annuatim
851 2801 959 2865 omnia
974 2807 1007 2865 et
1022 2801 1150 2887 singula
1171 2806 1270 2871 iufra-

134 2903 254 2985 scripta
263 2900 411 2965 :-videl.
442 2921 600 2964 cameram
629 2921 702 2983 quae
732 2901 851 2964 dicitur
883 2900 1018 2965 Camere
1045 2903 1166 2982 Astini,
1195 2927 1270 2971 cum

133 3002 259 3065 celariis
288 3009 322 3065 et
352 2999 470 3063 clausis
497 3000 634 3082 desuper
659 2999 794 3063 eandem
821 3020 980 3064 cameram
1006 3002 1271 3088 quibuscunque3

136 3121 235 3184 quam
268 3100 400 3182 quidem
430 3118 590 3161 cameram
619 3099 728 3161 Abhas
765 3104 798 3162 et
827 3098 1014 3164 Conventus
1050 3101 1086 3164 in
1123 3106 1272 3170 omnibus

135 3199 323 3261 necessariis
352 3197 601 3276 sustentabunt3
630 3201 663 3259 et
694 3196 852 3280 percipiat
888 3199 1035 3280 quolibet
1064 3200 1116 3264 dia
1152 3223 1269 3285 panem

134 3304 168 3361 et
191 3297 378 3361 cerevisiam
403 3295 442 3360 de
473 3295 589 3360 oelaric
608 3316 667 3379 pro
688 3316 723 3359 se
745 3301 778 3359 et
800 3315 865 3358 uno
891 3296 1056 3373 monacho,
1078 3320 1175 3383 quem
1207 3304 1269 3367 sibi

134 3397 292 3461 associare
312 3395 459 3472 voluerit,
481 3400 578 3479 prout
599 3400 664 3459 tres
683 3394 832 3458 monachi
854 3395 1035 3478 percipiant
1057 3404 1090 3460 et
1109 3400 1271 3484 percipere

134 3502 390 3575 consueverunt3
412 3504 446 3560 et
468 3495 565 3559 etiam
589 3494 628 3558 de
651 3494 798 3578 coquina,
812 3514 870 3577 per
892 3502 956 3558 tres
978 3494 1047 3559 dies
1068 3498 1213 3563 carnium
1235 3503 1271 3565 in

134 3596 319 3673 ebdomada,
341 3602 436 3679 prout
460 3602 525 3659 tres
554 3593 704 3658 monachi
725 3593 760 3656 in
782 3614 894 3658 mensa
916 3594 1063 3672 Abbatis,
1077 3601 1270 3666 assumendo

133 3695 235 3760 dictas
251 3717 361 3760 carnes
377 3695 493 3759 crudas
507 3693 559 3758 vel
575 3700 681 3758 coctas
702 3713 761 3776 pro
781 3693 877 3758 libito
897 3714 973 3774 suo;
995 3693 1110 3760 diebus
1131 3697 1269 3780 piscium

134 3795 306 3878 cujushbet
335 3794 529 3870 ebdomadae,
554 3799 651 3875 prout
680 3798 747 3857 tres
775 3793 927 3857 monachi
949 3792 984 3856 in
1006 3794 1173 3859 refectorio
1198 3818 1270 3881 per.

134 3895 261 3978 cipiunt
296 3895 367 3958 sine
397 3894 613 3958 diminutione
650 3892 767 3976 aliqua,
804 3897 837 3956 et
870 3898 934 3958 tres
970 3899 1078 3977 petras
1115 3899 1200 3962 casei
1229 3900 1269 3964 de

134 4015 304 4058 commune
320 3995 361 4057 ad
376 3995 497 4057 festum
511 3995 543 4058 S.
560 3992 669 4056 Hildae
683 3994 719 4056 in
740 3997 927 4077 autumpno.
973 3994 1102 4058 Habeat
1117 3997 1216 4061 etiam
1236 4009 1270 4064 et

134 4094 291 4178 percipiat
320 4094 466 4177 quohbet
495 4093 548 4157 die
572 4113 630 4175 pro
656 4113 722 4156 uno
746 4092 869 4157 valetto
894 4099 928 4157 et
952 4113 1018 4157 uno
1043 4114 1119 4158 coco
1145 4102 1178 4160 et
1203 4117 1268 4161 uno

133 4194 289 4276 geroiana,
305 4213 385 4276 quos
400 4192 532 4276 elegerit
547 4192 610 4256 sibi
625 4193 807 4268 servituros,
821 4213 948 4275 panem,
962 4193 1160 4270 cerevisiam,
1181 4203 1215 4260 ct
1230 4198 1269 4263 de

133 4294 271 4376 coquina
286 4292 434 4376 quolibet
448 4293 499 4356 die
515 4312 573 4375 pro
588 4292 680 4356 victu
695 4292 868 4356 eorundem
889 4300 986 4375 prout
999 4292 1142 4357 valettus
1157 4301 1191 4359 ct
1205 4296 1269 4362 duo

133 4393 298 4477 garciones
324 4392 462 4455 Abbatis
484 4392 580 4455 modo
602 4391 698 4455 solito
720 4396 939 4474 perceperunt.
989 4392 1149 4475 Percipiat
1171 4395 1269 4460 etiarn

134 4493 305 4556 annuatim
320 4491 490 4556 duodecim
510 4511 633 4556 marcas
649 4491 773 4574 argenti
795 4490 834 4554 de
849 4490 950 4553 firmis
973 4497 1006 4555 et
1027 4491 1207 4557 redditibus
1229 4497 1269 4561 de
