2918 4980
265 577 536 629 GARTULARIUM
555 576 758 628 ABBATHIAE
778 577 826 628 DE
844 575 1030 628 WHITEBY.
1155 563 1215 623 713

81 739 137 802 the
154 741 269 804 Manor
283 743 317 805 of
331 741 480 825 Thweng.
526 742 559 806 It
573 762 637 806 was
653 740 786 806 deoided
801 741 873 805 that
887 742 943 805 tho
954 761 1071 826 grange
1082 760 1147 804 was
1159 747 1216 803 not

82 844 153 921 part
168 841 203 902 of
214 840 270 906 the
285 842 402 905 Manor
416 842 450 904 ol
464 841 606 924 Thwong
620 841 667 925 (11.
682 862 711 924 p.
730 841 815 922 307).

128 938 168 1001 In
188 960 207 1002 a
229 941 374 1004 taxation
389 942 425 1004 of
443 946 521 1003 1401
537 941 673 1004 :-Item
688 941 723 1004 in
739 940 868 1004 Oktona
882 961 984 1003 unum
999 939 1215 1023 messuagium

81 1042 114 1099 01
136 1059 181 1100 xx
203 1039 334 1102 bovatas
357 1039 424 1102 t'rae
446 1059 518 1122 quat
533 1039 630 1103 dictis
644 1039 851 1122 temporibus,
867 1047 935 1115 eto,
949 1058 1007 1121 per
1021 1058 1143 1101 annum
1159 1037 1215 1099 xxi

81 1137 198 1200 solidos
214 1138 272 1219 (iii.
288 1159 319 1221 p.
339 1139 424 1221 292).

126 1236 166 1298 In
185 1242 377 1300 raso-1249.
424 1237 562 1314 Quidam
580 1237 787 1321 Reginaldus,
804 1237 999 1321 capellanus,
1013 1235 1104 1300 dedit
1122 1235 1216 1298 nobis

81 1332 243 1416 quandam
258 1336 439 1417 portionem
455 1336 523 1400 t’rae
544 1356 618 1400 cum
639 1336 782 1420 gordinis
804 1344 837 1400 01
860 1337 1002 1400 aedificiis
1024 1336 1060 1398 in
1082 1355 1119 1399 eo
1141 1354 1216 1397 con-

80 1433 211 1495 structis
227 1433 261 1495 in
277 1432 490 1517 Fyschergatc
505 1433 541 1495 in
562 1434 713 1511 Eboraoo,
728 1440 766 1497 ut
784 1455 840 1517 pro
856 1433 950 1517 praed.
966 1434 1077 1517 plaoea
1099 1432 1161 1496 sibi
1183 1436 1216 1494 01

81 1529 154 1592 haer.
180 1531 247 1593 suis
272 1532 319 1594 xii
343 1531 499 1607 denarios,
516 1538 550 1595 et
572 1532 738 1595 monachis
761 1532 800 1595 de
815 1533 965 1615 Whytby
980 1532 1060 1595 alios
1077 1531 1123 1594 xii
1145 1530 1217 1594 den.

81 1649 205 1691 annuos
219 1629 434 1708 solveremus3
455 1629 511 1693 sed
526 1634 636 1693 tamen
650 1629 748 1713 primi
770 1630 816 1692 xii
832 1629 902 1693 den.
926 1630 1162 1704 relaxabantur,
1185 1633 1218 1691 et

82 1726 248 1789 Gilbertus
270 1727 357 1791 filius
380 1727 518 1791 Arnaldi
543 1728 583 1792 de
607 1728 707 1792 Barra
728 1749 831 1792 unum
857 1728 976 1792 toftum
1001 1733 1033 1791 et
1059 1727 1217 1790 Robertus

82 1824 264 1908 Frarmoeys
293 1825 391 1889 aliam
420 1826 600 1910 portionem
629 1827 705 1902 t'rae,
731 1833 828 1910 atquc
854 1827 1011 1890 Paulinus
1036 1825 1067 1890 le
1093 1825 1219 1888 Meroen

82 1922 178 1985 aliam
194 1925 375 2006 portionem
390 1925 466 2002 t'rae,
484 1933 517 1990 et
532 1925 700 1989 Gilbertus
715 1925 755 1990 de
769 1926 879 1990 Atona
893 1924 1055 2009 quoddam
1077 1942 1218 1986 messua-

81 2022 170 2104 gium
192 2023 324 2100 ibidem,
345 2024 507 2088 reddendo
530 2025 695 2089 monachis
717 2026 757 2089 de
771 2025 919 2108 Whytby
935 2024 1014 2088 duos
1037 2021 1164 2098 solidos,
1186 2027 1219 2084 et

84 2121 220 2184 Ballivis
235 2122 386 2186 Civitatis
408 2124 501 2186 Ebor.
518 2144 620 2186 unum
636 2124 804 2187 denarium
827 2124 1006 2198 annuatim,
1028 2121 1121 2185 nobis
1143 2140 1218 2183 con-

81 2219 235 2282 tulerunt.
279 2221 325 2283 At
347 2222 443 2285 etiam
466 2222 616 2286 monachi
638 2223 702 2306 ipsi
724 2222 764 2286 de
779 2223 926 2306 Whytby
947 2221 1104 2286 dederunt
1126 2220 1218 2284 nobis

82 2317 215 2380 alteram
238 2319 382 2402 placeam
404 2321 472 2384 t'rae
494 2320 589 2385 dictis
613 2322 803 2406 messuagiis
835 2322 1027 2406 contiguam,
1057 2318 1218 2384 reddendo

81 2415 143 2478 sibi
170 2417 314 2500 quinque
340 2417 458 2482 solidos
489 2420 664 2482 annuatim
719 2421 762 2482 Et
788 2421 936 2504 quamvis
962 2418 1097 2502 amplior
1126 2418 1219 2481 firma

80 2535 188 2578 annua
218 2537 315 2599 quam
345 2518 489 2600 quinquo
519 2517 614 2582 solidi
644 2519 785 2602 praelatis
811 2519 977 2584 monachis
1003 2519 1044 2583 de
1069 2517 1218 2600 Whytby

82 2613 225 2677 solvatur
253 2617 487 2699 praescribatur,
516 2616 600 2680 nihil
630 2617 769 2701 amplius
799 2639 897 2701 quam
926 2618 1070 2701 quinque
1099 2615 1218 2680 solidos

81 2714 126 2775 eis
153 2714 309 2779 solvimus
335 2717 512 2792 annuatim,
539 2717 657 2780 necin
682 2717 865 2781 indenturis
890 2716 1073 2780 interillos
1100 2720 1217 2778 011οο

81 2812 235 2875 confectis
265 2813 327 2876 nisi
356 2818 485 2877 tantum
507 2815 548 2878 de
572 2815 715 2898 quinque
740 2815 852 2880 solidis
881 2815 997 2879 annuis
1023 2818 1218 2877 memoratur

80 2909 126 2986 (ii.
148 2930 177 2991 p.
202 2910 265 2991 63),
285 2910 395 2974 Abbas
418 2911 516 2975 etiam
538 2917 571 2975 01
592 2913 743 2976 monachi
764 2913 805 2977 de
826 2913 974 2997 Whytby
994 2913 1116 2976 habent
1137 2911 1218 2974 duas

81 3015 187 3090 partes
212 3008 343 3071 decimae
364 3010 533 3091 garbarum
559 3010 599 3074 dc
622 3031 705 3074 omn.
730 3011 842 3075 d'niois
864 3012 932 3075 t’ris
956 3010 997 3075 ad
1020 3009 1217 3073 dominicum

81 3113 114 3169 ct
137 3107 296 3169 culturam
319 3107 401 3169 situs
423 3107 560 3169 manerii
583 3107 622 3171 de
649 3109 856 3172 Naffretona¹
880 3109 1125 3192 pertinentibus,
1150 3111 1217 3168 tam

81 3207 116 3267 in
137 3225 249 3286 campo
270 3204 309 3267 de
332 3205 517 3269 Naffretone
541 3226 638 3288 quam
660 3207 695 3269 in
718 3228 831 3290 campo
854 3207 893 3271 de
907 3204 1163 3280 Wandesforthe,
1186 3210 1220 3267 01

81 3305 241 3387 praecipue
264 3303 304 3366 de
330 3303 395 3366 illis
425 3304 491 3367 t'ris
518 3323 589 3386 quae
616 3305 747 3368 luerunt
773 3306 809 3368 in
835 3306 939 3369 d'nica
964 3304 1090 3369 cultura
1115 3302 1218 3384 ipsius

80 3402 216 3466 manerii
238 3402 278 3465 ab
302 3403 445 3485 antiquo,
467 3423 539 3486 quae
560 3402 672 3468 valent
696 3404 864 3467 annuatim
886 3403 979 3487 quasi
1004 3423 1061 3467 sex
1086 3421 1218 3476 marcas,

83 3512 115 3566 et
138 3503 234 3567 tertia
256 3523 329 3585 pars
345 3502 439 3566 dictae
454 3502 585 3566 deoimae
606 3504 776 3587 garbarum
798 3503 956 3567 dictarum
976 3501 1107 3566 t'rarum
1125 3499 1216 3563 nobis

81 3610 114 3666 01
129 3603 222 3666 diotae
237 3602 378 3666 ecclesiae
393 3601 446 3685 (de
461 3602 663 3685 Naffrctona)
678 3609 857 3667 reservatur
871 3603 918 3687 (ii.
932 3623 962 3685 p.
980 3601 1065 3682 231).

127 3703 378 3765 111339-1349.
418 3702 546 3766 Interea
563 3702 707 3766 redditus
729 3723 856 3767 annuus
878 3725 898 3766 v
921 3701 1104 3776 solidorum,
1120 3719 1215 3782 quern

84 3801 280 3864 Monasterio
304 3800 343 3863 de
359 3800 505 3884 Whytby
527 3821 584 3883 pro
607 3806 792 3866 tenemento
814 3807 923 3865 nostro
946 3801 981 3863 in
1003 3798 1217 3883 Fyschergato

84 3898 275 3960 Eboraoensi
285 3898 415 3962 reddere
426 3900 623 3976 tenebamur,
634 3920 691 3982 per
701 3906 831 3983 tempus
845 3899 976 3983 aliquod
987 3904 1100 3963 aratro
1113 3897 1218 3961 fuerat

85 4017 148 4057 non
164 3995 295 4059 solutus.
342 3995 550 4079 Quapropter,
576 4019 650 4062 cum
678 3997 719 4061 lis
745 3999 829 4063 inter
853 3999 955 4063 dictos
981 3997 1154 4061 monachos
1177 3995 1217 4059 de

84 4095 233 4177 Whytby
248 4100 281 4157 et
304 4115 361 4158 nos
383 4115 440 4178 pro
463 4097 628 4180 arreragiis
643 4097 722 4162 dicti
737 4098 882 4163 redditus
898 4097 1123 4172 1101011110001,
1138 4095 1217 4159 dicti

84 4193 235 4256 monachi
257 4194 350 4257 nobis
373 4193 483 4257 eadem
506 4196 663 4280 arreragia
685 4196 917 4274 condonarunt,
931 4201 964 4260 01
987 4216 1045 4260 100
1068 4215 1125 4278 pro
1147 4194 1217 4276 ipso

120 4343 129 4375 ¹
142 4343 226 4393 Thero
240 4343 322 4393 tithes
338 4343 367 4393 of
384 4344 524 4395 Nofforton
536 4362 581 4396 aro
593 4346 716 4412 specified
728 4363 826 4414 among
837 4347 884 4398 tho
896 4346 974 4397 other
985 4345 1051 4412 gifts
1062 4348 1092 4395 10
1104 4343 1218 4408 Whitby

84 4429 112 4477 in
131 4429 178 4477 1110
196 4427 323 4478 Chartam
341 4427 369 4477 of
389 4428 435 4477 the
456 4428 579 4478 Foundsr
597 4429 649 4480 and
669 4430 710 4481 his
728 4446 884 4492 0000000010,
905 4446 934 4481 aa
951 4428 1012 4481 well
1029 4444 1059 4478 as
1076 4426 1219 4477 elsewhere

84 4510 223 4577 according
236 4515 264 4561 to
280 4510 442 4576 subsequent
454 4514 620 4562 statements.
