2918 4980
342 504 614 559 OARTULARIUM
632 509 835 560 ABBATHIAE
854 509 902 560 DE
919 507 1105 560 wfflrnBY.
1229 496 1288 555 731
1399 566 1404 575 Ι

302 708 453 774 Srrrnun.
469 711 649 777 Conrnrns
664 727 733 775 cnu
748 726 904 775 nxrnusrs
919 725 1138 774 nncnssluus

200 833 291 897 Idem
307 841 476 918 computus
498 836 534 898 in
555 836 691 919 stipend.
709 835 811 919 ipsius
833 842 972 919 eomput.
996 834 1065 898 coll
1088 833 1174 898 redd.
1189 839 1223 897 et
1238 832 1290 895 fir-

158 951 281 995 marum
304 933 380 997 ibid.
396 933 436 997 ad
459 934 493 996 xi
501 934 535 999 li.
557 935 614 998 xvi
623 955 647 999 s.
670 955 727 1017 per
750 955 870 998 annum
893 935 971 999 solv.
994 933 1035 997 ed
1056 933 1127 997 fest.
1142 932 1289 995 Annunt.

158 1030 192 1092 B.
223 1031 269 1094 M.
292 1032 332 1094 V.
355 1039 388 1095 et
417 1032 447 1096 S.
471 1033 571 1098 Mich.
593 1033 752 1118 Archung.
775 1033 950 1117 aequaliter,
972 1032 1026 1096 hic
1055 1032 1141 1115 quod
1165 1028 1291 1094 oneru’1

157 1127 192 1190 in
207 1129 309 1211 primo
325 1136 492 1215 computo:
514 1137 548 1196 et
561 1132 698 1215 stipend.
715 1132 820 1197 cleriei
837 1132 993 1197 auditoris
1015 1129 1185 1195 scribentis
1202 1128 1291 1191 hunc

156 1236 343 1311 computum
359 1229 399 1293 ad
414 1230 481 1308 iis,
497 1237 555 1295 etc.
571 1231 621 1314 [ut
634 1232 756 1316 cupra}

621 1331 754 1394 Summa
768 1330 824 1394 iis.

360 1490 540 1553 Lrnnuurro
557 1490 623 1574 [ur]
639 1506 846 1553 nxounnurro
861 1505 1088 1554 nnuunronun.

199 1600 242 1662 Et
268 1600 304 1663 in
326 1600 431 1664 denar.
454 1600 577 1664 liberat.
600 1600 764 1665 Leonardo
791 1600 950 1677 Bekwith,
972 1600 1149 1683 Armigero,
1170 1599 1293 1682 Recep-

158 1700 220 1762 tori
235 1699 301 1762 d’ni
316 1700 413 1783 Regis
427 1700 503 1763 ibid.
520 1700 559 1764 de
574 1700 650 1764 exit.
670 1700 767 1783 hujus
789 1701 868 1764 anni
889 1721 930 1764 ex
951 1698 1168 1784 recognitione
1190 1698 1292 1782 ipsius

159 1797 254 1880 Regis
269 1818 366 1880 super
379 1797 467 1861 hunc
481 1805 673 1881 compotum.

569 1898 649 1960 xxvi
658 1897 690 1960 li.
707 1917 751 1960 xv
759 1918 783 1961 s.
799 1897 833 1960 vi
843 1897 871 1960 d.

201 2020 245 2083 Et
266 2020 302 2082 in
324 2026 474 2103 computo
497 2020 641 2104 ejusdem
663 2021 857 2103 Receptoris,
871 2027 910 2085 ut
930 2026 1029 2104 petet,
1044 2027 1173 2085 tontum
1187 2019 1294 2084 denar.

159 2139 216 2201 per
230 2139 332 2201 nuper
346 2118 508 2182 Abbatem
523 2127 556 2183 et
571 2119 774 2184 Conventum
797 2120 876 2183 dicti
897 2140 1000 2202 nuper
1014 2118 1203 2183 Monesterii
1218 2123 1294 2181 unte

160 2217 404 2282 dissolutionem
425 2217 501 2282 inde
523 2224 638 2302 recept
662 2219 702 2282 de
724 2219 861 2283 reddet
882 2218 982 2282 firmis
1004 2218 1101 2283 debit.
1119 2217 1160 2281 ud
1175 2217 1246 2280 lest
1262 2215 1293 2279 S.

161 2315 332 2380 Michaelis
358 2316 443 2380 intra
466 2322 594 2400 tempus
619 2316 717 2399 hujus
746 2316 896 2400 compoti,
918 2336 992 2380 eum
1018 2316 1111 2381 xiiis.
1137 2315 1171 2380 vi
1181 2314 1211 2380 d.
1237 2333 1294 2397 pro

159 2415 308 2497 operibus
323 2414 527 2479 custumariis
542 2435 608 2478 voc.
625 2415 875 2479 Sickle-boones.

377 2513 418 2575 In
434 2533 534 2596 comp.
551 2513 624 2577 Rec.
670 2513 802 2576 Summa
816 2512 943 2576 xxxviii
952 2511 985 2578 li.
1001 2511 1079 2576 viis.

313 2612 446 2676 Summa
460 2611 563 2676 Alloc.
579 2616 612 2676 et
626 2611 763 2676 Liberet.
779 2612 874 2696 praed.
890 2611 1059 2676 xxxviiili
1075 2611 1143 2676 ixs.

205 2710 337 2774 Summa
355 2711 526 2794 coaequelis
548 2719 598 2775 est
619 2731 693 2776 curn
715 2731 842 2776 summe
856 2710 966 2776 totalis
981 2713 1132 2795 Receptae
1147 2709 1295 2793 superius

161 2814 193 2871 et
208 2830 264 2892 aeq.

226 2944 417 3008 Mrunmcu
432 2960 475 3008 nn
490 2946 622 3010 Sruxnr
637 2963 707 3010 corr
722 2945 930 3023 annonun,
944 2947 1116 3022 Dnrrsnur,
1131 2945 1238 3009 ann

560 3045 665 3108 Ruwn
680 3062 720 3108 nr
735 3046 898 3109 Rrswlnr.

206 3154 380 3237 Compotus
405 3153 494 3217 Will
518 3155 645 3231 Devell,
667 3155 746 3220 0011.
770 3155 856 3219 redd.
882 3157 916 3219 et
944 3155 1108 3218 firmarum
1137 3154 1213 3218 ibid.
1239 3173 1297 3236 per

161 3259 289 3335 tempus
303 3253 500 3336 praedictum.

205 3351 565 3429 Auruncu-Nulla,
580 3352 656 3434 quia
670 3352 793 3435 primus
808 3358 984 3435 compotus.

588 3451 722 3515 Summe
736 3451 865 3515 nullius.

479 3600 669 3664 Munnnruu
683 3616 727 3663 nn
743 3601 882 3664 Srlxnr.

206 3712 275 3776 Neo
290 3711 403 3775 reddit.
420 3711 460 3774 de
476 3711 547 3773 xiiii
556 3710 589 3776 li.
605 3712 685 3775 xviii
695 3733 719 3776 s.
735 3712 775 3776 de
790 3711 882 3776 firma
897 3710 1007 3775 man'ii
1022 3711 1062 3775 de
1073 3711 1206 3794 Stoxby,
1221 3730 1296 3774 cum

163 3817 252 3893 pert,
266 3831 302 3874 oc
326 3830 400 3874 cum
423 3810 500 3873 iiii⁰r
514 3810 631 3874 clausis
647 3811 769 3876 vocatis
792 3811 937 3894 Beldeby
956 3811 1066 3875 Oloses
1087 3829 1144 3893 pro
1159 3829 1196 3874 eo
1211 3807 1298 3892 quod

164 3915 312 3972 oneretur
326 3909 400 3973 inde
422 3916 517 3973 antee
539 3911 574 3973 in
597 3909 660 3973 isto
681 3909 903 3974 libro-videl.
927 3910 962 3972 in
977 3910 1080 3993 primo
1096 3928 1196 3993 comp
1213 3909 1299 3973 infra

164 4028 323 4072 summam
347 4007 417 4071 xlix
425 4006 459 4072 li.
484 4009 541 4071 viii
551 4009 580 4072 d.
606 4009 691 4074 inter
717 4010 792 4074 t’res
818 4009 1025 4075 dominicales
1050 4028 1154 4093 nuper
1182 4007 1297 4072 Mon'ii

164 4106 260 4189 proed.
286 4113 382 4189 prout
409 4107 445 4170 in
475 4107 585 4171 eodem
611 4108 913 4191 compoto—videl.
943 4109 979 4172 in
1008 4108 1106 4173 titulo
1134 4107 1299 4171 firmarum

164 4212 319 4270 terrarum
335 4205 515 4270 dominical.
531 4206 658 4290 plenius
673 4212 812 4291 apparet.

592 4306 725 4370 Summe
739 4305 870 4372 nullius.

654 4439 665 4475 ¹
682 4440 804 4507 Corrupt.
