<?xml version="1.0" encoding="UTF-8"?>
<!DOCTYPE html PUBLIC "-//W3C//DTD XHTML 1.0 Transitional//EN"
    "http://www.w3.org/TR/xhtml1/DTD/xhtml1-transitional.dtd">
<html xmlns="http://www.w3.org/1999/xhtml" xml:lang="en" lang="en">
 <head>
  <title>
</title>
<meta http-equiv="Content-Type" content="text/html;charset=utf-8" />
  <meta name='ocr-system' content='tesseract 3.04.00' />
  <meta name='ocr-capabilities' content='ocr_page ocr_carea ocr_par ocr_line ocrx_word'/>
</head>
<body>
  <div class='ocr_page' id='page_1' title='image "./cartulariumabba02abbegoog/cartulariumabba02abbegoog_0122.png"; bbox 0 0 2918 4980; ppageno 0'>
   <div class='ocr_carea' id='block_1_1' title="bbox 284 461 1232 522">
    <p class='ocr_par' dir='ltr' id='par_1_1' title="bbox 284 461 1232 522">
     <span class='ocr_line' id='line_1_1' title="bbox 284 461 1232 522; baseline -0.001 -2"><span class='ocrx_word' id='word_1_1' title='bbox 284 466 556 520; x_wconf 78' lang='lat' dir='ltr'>GARTULARIUM</span> <span class='ocrx_word' id='word_1_2' title='bbox 574 468 776 521; x_wconf 82' lang='lat' dir='ltr'>ABBATHIAE</span> <span class='ocrx_word' id='word_1_3' title='bbox 795 469 845 522; x_wconf 79' lang='lat' dir='ltr'>Du</span> <span class='ocrx_word' id='word_1_4' title='bbox 862 470 1050 522; x_wconf 78' lang='lat' dir='ltr'>WHITEBY.</span> <span class='ocrx_word' id='word_1_5' title='bbox 1174 461 1232 520; x_wconf 77' lang='grc'>151</span> 
     </span>
    </p>
   </div>
   <div class='ocr_carea' id='block_1_2' title="bbox 94 631 1238 1802">
    <p class='ocr_par' dir='ltr' id='par_1_2' title="bbox 95 631 1237 815">
     <span class='ocr_line' id='line_1_2' title="bbox 95 631 1237 719; baseline 0.004 -25"><span class='ocrx_word' id='word_1_6' title='bbox 95 631 133 694; x_wconf 92' lang='lat' dir='ltr'>in</span> <span class='ocrx_word' id='word_1_7' title='bbox 155 631 249 696; x_wconf 84' lang='lat' dir='ltr'>feodo</span> <span class='ocrx_word' id='word_1_8' title='bbox 272 637 305 697; x_wconf 93' lang='lat' dir='ltr'>et</span> <span class='ocrx_word' id='word_1_9' title='bbox 326 632 440 698; x_wconf 79' lang='lat' dir='ltr'>haereri</span> <span class='ocrx_word' id='word_1_10' title='bbox 457 631 543 717; x_wconf 75' lang='lat'>(97¹³)</span> <span class='ocrx_word' id='word_1_11' title='bbox 561 639 677 699; x_wconf 84' lang='lat' dir='ltr'>terrem</span> <span class='ocrx_word' id='word_1_12' title='bbox 700 634 790 698; x_wconf 83' lang='lat' dir='ltr'>illam</span> <span class='ocrx_word' id='word_1_13' title='bbox 806 635 845 699; x_wconf 91' lang='lat' dir='ltr'>de</span> <span class='ocrx_word' id='word_1_14' title='bbox 866 635 966 700; x_wconf 81' lang='lat' dir='ltr'>Deles</span> <span class='ocrx_word' id='word_1_15' title='bbox 988 635 1062 719; x_wconf 56' lang='lat' dir='ltr'>[etc</span> <span class='ocrx_word' id='word_1_16' title='bbox 1076 657 1112 699; x_wconf 81' lang='lat' dir='ltr'>as</span> <span class='ocrx_word' id='word_1_17' title='bbox 1129 637 1166 699; x_wconf 80' lang='lat' dir='ltr'>io</span> <span class='ocrx_word' id='word_1_18' title='bbox 1180 636 1237 700; x_wconf 86' lang='lat' dir='ltr'>No.</span> 
     </span>
     <span class='ocr_line' id='line_1_3' title="bbox 97 726 184 815; baseline 0.011 -21"><span class='ocrx_word' id='word_1_19' title='bbox 97 726 137 796; x_wconf 78' lang='grc'>21</span> <span class='ocrx_word' id='word_1_20' title='bbox 142 732 184 815; x_wconf 91' lang='grc'>6].</span> 
     </span>
    </p>

    <p class='ocr_par' dir='ltr' id='par_1_3' title="bbox 94 829 1238 1688">
     <span class='ocr_line' id='line_1_4' title="bbox 139 829 1237 917; baseline 0.004 -25"><span class='ocrx_word' id='word_1_21' title='bbox 139 829 209 914; x_wconf 87' lang='lat' dir='ltr'>Ego</span> <span class='ocrx_word' id='word_1_22' title='bbox 234 850 319 907; x_wconf 88' lang='lat' dir='ltr'>vero,</span> <span class='ocrx_word' id='word_1_23' title='bbox 341 830 416 894; x_wconf 85' lang='lat' dir='ltr'>dict.</span> <span class='ocrx_word' id='word_1_24' title='bbox 444 830 618 909; x_wconf 71' lang='lat' dir='ltr'>suffridus,</span> <span class='ocrx_word' id='word_1_25' title='bbox 644 830 679 894; x_wconf 92' lang='lat' dir='ltr'>in</span> <span class='ocrx_word' id='word_1_26' title='bbox 705 831 802 915; x_wconf 89' lang='lat' dir='ltr'>hujus</span> <span class='ocrx_word' id='word_1_27' title='bbox 828 853 850 895; x_wconf 89' lang='lat' dir='ltr'>r.</span> <span class='ocrx_word' id='word_1_28' title='bbox 878 838 950 897; x_wconf 79' lang='lat' dir='ltr'>test.</span> <span class='ocrx_word' id='word_1_29' title='bbox 977 853 1068 915; x_wconf 86' lang='lat' dir='ltr'>praes.</span> <span class='ocrx_word' id='word_1_30' title='bbox 1095 853 1152 897; x_wconf 89' lang='lat' dir='ltr'>scr.</span> <span class='ocrx_word' id='word_1_31' title='bbox 1179 833 1237 917; x_wconf 79' lang='lat' dir='ltr'>sig.</span> 
     </span>
     <span class='ocr_line' id='line_1_5' title="bbox 94 930 1236 1015; baseline 0.004 -23"><span class='ocrx_word' id='word_1_32' title='bbox 94 948 207 993; x_wconf 88' lang='lat' dir='ltr'>meum</span> <span class='ocrx_word' id='word_1_33' title='bbox 235 950 319 1013; x_wconf 85' lang='lat' dir='ltr'>app,</span> <span class='ocrx_word' id='word_1_34' title='bbox 345 938 391 1007; x_wconf 83' lang='lat' dir='ltr'>ut,</span> <span class='ocrx_word' id='word_1_35' title='bbox 417 930 457 995; x_wconf 91' lang='lat' dir='ltr'>de</span> <span class='ocrx_word' id='word_1_36' title='bbox 483 937 606 1008; x_wconf 73' lang='lat' dir='ltr'>coetero</span> <span class='ocrx_word' id='word_1_37' title='bbox 631 932 667 995; x_wconf 91' lang='lat' dir='ltr'>in</span> <span class='ocrx_word' id='word_1_38' title='bbox 693 931 783 995; x_wconf 92' lang='lat' dir='ltr'>nullo</span> <span class='ocrx_word' id='word_1_39' title='bbox 810 938 921 996; x_wconf 82' lang='lat' dir='ltr'>contre</span> <span class='ocrx_word' id='word_1_40' title='bbox 950 932 1111 1015; x_wconf 82' lang='lat' dir='ltr'>praedictae</span> <span class='ocrx_word' id='word_1_41' title='bbox 1141 939 1236 997; x_wconf 79' lang='lat' dir='ltr'>cartae</span> 
     </span>
     <span class='ocr_line' id='line_1_6' title="bbox 95 1030 1237 1116; baseline 0.004 -23"><span class='ocrx_word' id='word_1_42' title='bbox 95 1037 241 1094; x_wconf 87' lang='lat' dir='ltr'>tenorem</span> <span class='ocrx_word' id='word_1_43' title='bbox 267 1030 427 1113; x_wconf 88' lang='lat' dir='ltr'>possimus</span> <span class='ocrx_word' id='word_1_44' title='bbox 452 1030 597 1096; x_wconf 86' lang='lat' dir='ltr'>deniere¹</span> <span class='ocrx_word' id='word_1_45' title='bbox 623 1032 675 1097; x_wconf 90' lang='lat' dir='ltr'>vel</span> <span class='ocrx_word' id='word_1_46' title='bbox 702 1031 866 1096; x_wconf 79' lang='lat' dir='ltr'>contraire.</span> <span class='ocrx_word' id='word_1_47' title='bbox 912 1034 1023 1096; x_wconf 83' lang='lat' dir='ltr'>Terras</span> <span class='ocrx_word' id='word_1_48' title='bbox 1047 1053 1132 1109; x_wconf 86' lang='lat' dir='ltr'>vero,</span> <span class='ocrx_word' id='word_1_49' title='bbox 1157 1053 1237 1116; x_wconf 83' lang='lat' dir='ltr'>ques</span> 
     </span>
     <span class='ocr_line' id='line_1_7' title="bbox 94 1129 1237 1216; baseline 0.002 -24"><span class='ocrx_word' id='word_1_50' title='bbox 94 1129 195 1194; x_wconf 84' lang='lat' dir='ltr'>freter</span> <span class='ocrx_word' id='word_1_51' title='bbox 215 1150 306 1194; x_wconf 90' lang='lat' dir='ltr'>meus</span> <span class='ocrx_word' id='word_1_52' title='bbox 320 1130 506 1194; x_wconf 86' lang='lat' dir='ltr'>Willelmus</span> <span class='ocrx_word' id='word_1_53' title='bbox 529 1136 640 1196; x_wconf 86' lang='lat' dir='ltr'>contre</span> <span class='ocrx_word' id='word_1_54' title='bbox 660 1137 804 1196; x_wconf 89' lang='lat' dir='ltr'>tenorem</span> <span class='ocrx_word' id='word_1_55' title='bbox 826 1131 921 1195; x_wconf 85' lang='lat' dir='ltr'>dictee</span> <span class='ocrx_word' id='word_1_56' title='bbox 943 1137 1038 1196; x_wconf 84' lang='lat' dir='ltr'>cartae</span> <span class='ocrx_word' id='word_1_57' title='bbox 1058 1132 1237 1216; x_wconf 81' lang='lat' dir='ltr'>occupavit,</span> 
     </span>
     <span class='ocr_line' id='line_1_8' title="bbox 96 1228 1235 1315; baseline 0.001 -22"><span class='ocrx_word' id='word_1_58' title='bbox 96 1228 137 1293; x_wconf 90' lang='lat' dir='ltr'>de</span> <span class='ocrx_word' id='word_1_59' title='bbox 151 1249 311 1294; x_wconf 90' lang='lat' dir='ltr'>consensu</span> <span class='ocrx_word' id='word_1_60' title='bbox 325 1251 396 1294; x_wconf 90' lang='lat' dir='ltr'>meo</span> <span class='ocrx_word' id='word_1_61' title='bbox 411 1237 445 1294; x_wconf 98' lang='lat' dir='ltr'>et</span> <span class='ocrx_word' id='word_1_62' title='bbox 460 1231 627 1296; x_wconf 84' lang='lat' dir='ltr'>voluntate</span> <span class='ocrx_word' id='word_1_63' title='bbox 648 1231 786 1315; x_wconf 85' lang='lat' dir='ltr'>proprio,</span> <span class='ocrx_word' id='word_1_64' title='bbox 802 1251 907 1294; x_wconf 86' lang='lat' dir='ltr'>coram</span> <span class='ocrx_word' id='word_1_65' title='bbox 922 1231 1060 1295; x_wconf 85' lang='lat' dir='ltr'>testibus</span> <span class='ocrx_word' id='word_1_66' title='bbox 1075 1231 1235 1314; x_wconf 84' lang='lat' dir='ltr'>subscrip-</span> 
     </span>
     <span class='ocr_line' id='line_1_9' title="bbox 95 1327 1236 1412; baseline 0.002 -22"><span class='ocrx_word' id='word_1_67' title='bbox 95 1327 148 1404; x_wconf 87' lang='lat' dir='ltr'>tis,</span> <span class='ocrx_word' id='word_1_68' title='bbox 167 1327 320 1392; x_wconf 73' lang='lat' dir='ltr'>Ecclesiae</span> <span class='ocrx_word' id='word_1_69' title='bbox 345 1328 386 1392; x_wconf 87' lang='lat' dir='ltr'>de</span> <span class='ocrx_word' id='word_1_70' title='bbox 406 1328 573 1411; x_wconf 86' lang='lat' dir='ltr'>Whiteby,</span> <span class='ocrx_word' id='word_1_71' title='bbox 593 1336 626 1393; x_wconf 92' lang='lat' dir='ltr'>et</span> <span class='ocrx_word' id='word_1_72' title='bbox 647 1330 730 1393; x_wconf 82' lang='lat' dir='ltr'>Abb.</span> <span class='ocrx_word' id='word_1_73' title='bbox 752 1334 785 1393; x_wconf 89' lang='lat' dir='ltr'>et</span> <span class='ocrx_word' id='word_1_74' title='bbox 808 1329 908 1396; x_wconf 90' lang='lat' dir='ltr'>Conv.</span> <span class='ocrx_word' id='word_1_75' title='bbox 932 1328 1028 1412; x_wconf 83' lang='lat' dir='ltr'>plene</span> <span class='ocrx_word' id='word_1_76' title='bbox 1054 1335 1087 1393; x_wconf 91' lang='lat' dir='ltr'>et</span> <span class='ocrx_word' id='word_1_77' title='bbox 1113 1329 1236 1410; x_wconf 80' lang='lat' dir='ltr'>integre</span> 
     </span>
     <span class='ocr_line' id='line_1_10' title="bbox 95 1427 1235 1511; baseline 0 -21"><span class='ocrx_word' id='word_1_78' title='bbox 95 1427 226 1491; x_wconf 86' lang='lat' dir='ltr'>restitui</span> <span class='ocrx_word' id='word_1_79' title='bbox 237 1427 373 1492; x_wconf 87' lang='lat' dir='ltr'>:—D&#39;n0</span> <span class='ocrx_word' id='word_1_80' title='bbox 403 1427 567 1511; x_wconf 84' lang='lat' dir='ltr'>Stephano</span> <span class='ocrx_word' id='word_1_81' title='bbox 597 1427 636 1492; x_wconf 88' lang='lat' dir='ltr'>de</span> <span class='ocrx_word' id='word_1_82' title='bbox 666 1427 782 1492; x_wconf 85' lang='lat' dir='ltr'>Roscii.</span> <span class='ocrx_word' id='word_1_83' title='bbox 839 1428 979 1492; x_wconf 84' lang='lat' dir='ltr'>Redulfo</span> <span class='ocrx_word' id='word_1_84' title='bbox 1006 1428 1046 1492; x_wconf 92' lang='lat' dir='ltr'>de</span> <span class='ocrx_word' id='word_1_85' title='bbox 1072 1427 1235 1491; x_wconf 90' lang='lat' dir='ltr'>Bollebek.</span> 
     </span>
     <span class='ocr_line' id='line_1_11' title="bbox 95 1525 1238 1611; baseline 0.001 -23"><span class='ocrx_word' id='word_1_86' title='bbox 95 1525 219 1590; x_wconf 81' lang='lat' dir='ltr'>Thema</span> <span class='ocrx_word' id='word_1_87' title='bbox 233 1527 273 1592; x_wconf 88' lang='lat' dir='ltr'>de</span> <span class='ocrx_word' id='word_1_88' title='bbox 288 1527 524 1611; x_wconf 83' lang='lat' dir='ltr'>Hnukesgarth.</span> <span class='ocrx_word' id='word_1_89' title='bbox 563 1528 685 1592; x_wconf 83' lang='lat' dir='ltr'>Thoma</span> <span class='ocrx_word' id='word_1_90' title='bbox 699 1527 766 1592; x_wconf 90' lang='lat' dir='ltr'>filio</span> <span class='ocrx_word' id='word_1_91' title='bbox 781 1549 847 1592; x_wconf 88' lang='lat' dir='ltr'>suo.</span> <span class='ocrx_word' id='word_1_92' title='bbox 890 1528 1026 1593; x_wconf 85' lang='lat' dir='ltr'>Ricardo</span> <span class='ocrx_word' id='word_1_93' title='bbox 1042 1528 1081 1591; x_wconf 88' lang='lat' dir='ltr'>de</span> <span class='ocrx_word' id='word_1_94' title='bbox 1096 1527 1204 1611; x_wconf 81' lang='lat' dir='ltr'>Filing</span> <span class='ocrx_word' id='word_1_95' title='bbox 1214 1526 1238 1589; x_wconf 77' lang='lat'>:2</span> 
     </span>
     <span class='ocr_line' id='line_1_12' title="bbox 96 1623 224 1688; baseline 0.008 -1"><span class='ocrx_word' id='word_1_96' title='bbox 96 1631 130 1687; x_wconf 88' lang='lat' dir='ltr'>et</span> <span class='ocrx_word' id='word_1_97' title='bbox 144 1623 224 1688; x_wconf 82' lang='lat' dir='ltr'>aliis.</span> 
     </span>
    </p>

    <p class='ocr_par' dir='ltr' id='par_1_4' title="bbox 618 1738 710 1802">
     <span class='ocr_line' id='line_1_13' title="bbox 618 1738 710 1802; baseline 0.011 -1"><span class='ocrx_word' id='word_1_98' title='bbox 618 1738 710 1802; x_wconf 92' lang='lat' dir='ltr'>DIX.</span> 
     </span>
    </p>
   </div>
   <div class='ocr_carea' id='block_1_3' title="bbox 95 1860 1235 2442">
    <p class='ocr_par' dir='ltr' id='par_1_5' title="bbox 95 1860 1235 2442">
     <span class='ocr_line' id='line_1_14' title="bbox 142 1860 1235 1947; baseline 0 -22"><span class='ocrx_word' id='word_1_99' title='bbox 142 1862 214 1926; x_wconf 90' lang='lat' dir='ltr'>Hoc</span> <span class='ocrx_word' id='word_1_100' title='bbox 225 1882 283 1927; x_wconf 86' lang='lat' dir='ltr'>scr.</span> <span class='ocrx_word' id='word_1_101' title='bbox 295 1863 541 1947; x_wconf 82' lang='lat' dir='ltr'>cyrograffetum</span> <span class='ocrx_word' id='word_1_102' title='bbox 549 1867 688 1926; x_wconf 85' lang='lat' dir='ltr'>testatur</span> <span class='ocrx_word' id='word_1_103' title='bbox 696 1863 792 1946; x_wconf 91' lang='lat' dir='ltr'>quod,</span> <span class='ocrx_word' id='word_1_104' title='bbox 804 1861 844 1926; x_wconf 85' lang='lat' dir='ltr'>ad</span> <span class='ocrx_word' id='word_1_105' title='bbox 860 1862 951 1927; x_wconf 87' lang='lat' dir='ltr'>Pent.</span> <span class='ocrx_word' id='word_1_106' title='bbox 962 1862 1043 1925; x_wconf 88' lang='grc' dir='ltr'><strong>Α.Ι).</strong></span> <span class='ocrx_word' id='word_1_107' title='bbox 1053 1860 1235 1939; x_wconf 88' lang='lat' dir='ltr'>millesimo,</span> 
     </span>
     <span class='ocr_line' id='line_1_15' title="bbox 96 1961 1235 2046; baseline -0.002 -20"><span class='ocrx_word' id='word_1_108' title='bbox 96 1970 170 2026; x_wconf 80' lang='lat' dir='ltr'>co¹²¹⁰</span> <span class='ocrx_word' id='word_1_109' title='bbox 191 1962 407 2046; x_wconf 85' lang='lat' dir='ltr'>octuagesimo</span> <span class='ocrx_word' id='word_1_110' title='bbox 430 1969 530 2039; x_wconf 84' lang='lat' dir='ltr'>sexto,</span> <span class='ocrx_word' id='word_1_111' title='bbox 550 1962 701 2025; x_wconf 90' lang='lat' dir='ltr'>convenit</span> <span class='ocrx_word' id='word_1_112' title='bbox 723 1963 808 2025; x_wconf 90' lang='lat' dir='ltr'>inter</span> <span class='ocrx_word' id='word_1_113' title='bbox 829 1961 1053 2039; x_wconf 82' lang='lat' dir='ltr'>Willelmum,³</span> <span class='ocrx_word' id='word_1_114' title='bbox 1073 1962 1235 2024; x_wconf 85' lang='lat' dir='ltr'>Abbatem</span> 
     </span>
     <span class='ocr_line' id='line_1_16' title="bbox 95 2060 1235 2145; baseline -0.002 -20"><span class='ocrx_word' id='word_1_115' title='bbox 95 2061 136 2125; x_wconf 89' lang='lat' dir='ltr'>de</span> <span class='ocrx_word' id='word_1_116' title='bbox 158 2061 324 2145; x_wconf 90' lang='lat' dir='ltr'>Whiteby,</span> <span class='ocrx_word' id='word_1_117' title='bbox 338 2068 371 2125; x_wconf 88' lang='lat' dir='ltr'>et</span> <span class='ocrx_word' id='word_1_118' title='bbox 393 2062 492 2126; x_wconf 83' lang='lat' dir='ltr'>Conv.</span> <span class='ocrx_word' id='word_1_119' title='bbox 508 2061 608 2144; x_wconf 88' lang='lat' dir='ltr'>ejusd.</span> <span class='ocrx_word' id='word_1_120' title='bbox 628 2061 700 2138; x_wconf 89' lang='lat' dir='ltr'>loci,</span> <span class='ocrx_word' id='word_1_121' title='bbox 715 2082 755 2125; x_wconf 87' lang='lat' dir='ltr'>ex</span> <span class='ocrx_word' id='word_1_122' title='bbox 777 2082 844 2124; x_wconf 83' lang='lat' dir='ltr'>uno</span> <span class='ocrx_word' id='word_1_123' title='bbox 864 2066 963 2144; x_wconf 84' lang='lat' dir='ltr'>parte,</span> <span class='ocrx_word' id='word_1_124' title='bbox 979 2068 1012 2125; x_wconf 91' lang='lat' dir='ltr'>et</span> <span class='ocrx_word' id='word_1_125' title='bbox 1032 2060 1235 2124; x_wconf 87' lang='lat' dir='ltr'>Willelmum</span> 
     </span>
     <span class='ocr_line' id='line_1_17' title="bbox 96 2159 1233 2243; baseline -0.002 -19"><span class='ocrx_word' id='word_1_126' title='bbox 96 2161 200 2225; x_wconf 86' lang='lat' dir='ltr'>filium</span> <span class='ocrx_word' id='word_1_127' title='bbox 226 2162 358 2226; x_wconf 88' lang='lat' dir='ltr'>Roberti</span> <span class='ocrx_word' id='word_1_128' title='bbox 387 2161 427 2225; x_wconf 90' lang='lat' dir='ltr'>de</span> <span class='ocrx_word' id='word_1_129' title='bbox 454 2160 574 2234; x_wconf 77' lang='lat' dir='ltr'>Deles*</span> <span class='ocrx_word' id='word_1_130' title='bbox 604 2181 644 2223; x_wconf 81' lang='lat' dir='ltr'>ex</span> <span class='ocrx_word' id='word_1_131' title='bbox 674 2160 872 2224; x_wconf 77' lang='lat' dir='ltr'>altem—lta</span> <span class='ocrx_word' id='word_1_132' title='bbox 896 2159 1000 2236; x_wconf 67' lang='lat' dir='ltr'>videl„</span> <span class='ocrx_word' id='word_1_133' title='bbox 1023 2160 1109 2243; x_wconf 92' lang='lat' dir='ltr'>quod</span> <span class='ocrx_word' id='word_1_134' title='bbox 1138 2160 1233 2243; x_wconf 84' lang='lat' dir='ltr'>praed.</span> 
     </span>
     <span class='ocr_line' id='line_1_18' title="bbox 97 2259 1232 2343; baseline -0.005 -17"><span class='ocrx_word' id='word_1_135' title='bbox 97 2262 208 2326; x_wconf 79' lang='lat' dir='ltr'>Abbas</span> <span class='ocrx_word' id='word_1_136' title='bbox 230 2267 264 2326; x_wconf 91' lang='lat' dir='ltr'>et</span> <span class='ocrx_word' id='word_1_137' title='bbox 286 2261 384 2325; x_wconf 83' lang='lat' dir='ltr'>Conv.</span> <span class='ocrx_word' id='word_1_138' title='bbox 400 2261 593 2324; x_wconf 89' lang='lat' dir='ltr'>remiserunt</span> <span class='ocrx_word' id='word_1_139' title='bbox 615 2268 648 2324; x_wconf 91' lang='lat' dir='ltr'>et</span> <span class='ocrx_word' id='word_1_140' title='bbox 670 2281 721 2343; x_wconf 91' lang='lat' dir='ltr'>qu.</span> <span class='ocrx_word' id='word_1_141' title='bbox 745 2259 783 2323; x_wconf 89' lang='lat' dir='ltr'>cl.</span> <span class='ocrx_word' id='word_1_142' title='bbox 806 2260 901 2343; x_wconf 79' lang='lat' dir='ltr'>proed.</span> <span class='ocrx_word' id='word_1_143' title='bbox 917 2259 1082 2324; x_wconf 86' lang='lat' dir='ltr'>Willelmo</span> <span class='ocrx_word' id='word_1_144' title='bbox 1104 2263 1137 2322; x_wconf 90' lang='lat' dir='ltr'>et</span> <span class='ocrx_word' id='word_1_145' title='bbox 1159 2259 1232 2321; x_wconf 83' lang='lat' dir='ltr'>haer.</span> 
     </span>
     <span class='ocr_line' id='line_1_19' title="bbox 97 2357 1234 2442; baseline -0.004 -17"><span class='ocrx_word' id='word_1_146' title='bbox 97 2361 165 2425; x_wconf 84' lang='lat' dir='ltr'>suis</span> <span class='ocrx_word' id='word_1_147' title='bbox 190 2361 323 2425; x_wconf 88' lang='lat' dir='ltr'>boscum</span> <span class='ocrx_word' id='word_1_148' title='bbox 348 2359 389 2423; x_wconf 87' lang='lat' dir='ltr'>de</span> <span class='ocrx_word' id='word_1_149' title='bbox 415 2358 713 2442; x_wconf 82' lang='lat' dir='ltr'>Revencombegille</span> <span class='ocrx_word' id='word_1_150' title='bbox 743 2379 845 2442; x_wconf 90' lang='lat' dir='ltr'>usque</span> <span class='ocrx_word' id='word_1_151' title='bbox 874 2359 906 2423; x_wconf 86' lang='lat' dir='ltr'>le</span> <span class='ocrx_word' id='word_1_152' title='bbox 935 2359 1063 2422; x_wconf 88' lang='lat' dir='ltr'>Wcster</span> <span class='ocrx_word' id='word_1_153' title='bbox 1089 2357 1234 2441; x_wconf 76' lang='lat' dir='ltr'>Grayne⁶</span> 
     </span>
    </p>
   </div>
   <div class='ocr_carea' id='block_1_4' title="bbox 95 2456 1234 3129">
    <p class='ocr_par' dir='ltr' id='par_1_6' title="bbox 95 2456 1234 3129">
     <span class='ocr_line' id='line_1_20' title="bbox 97 2456 1233 2543; baseline -0.003 -20"><span class='ocrx_word' id='word_1_154' title='bbox 97 2460 138 2523; x_wconf 90' lang='lat' dir='ltr'>de</span> <span class='ocrx_word' id='word_1_155' title='bbox 170 2459 397 2543; x_wconf 85' lang='lat' dir='ltr'>Wytspotdele</span> <span class='ocrx_word' id='word_1_156' title='bbox 434 2459 519 2523; x_wconf 89' lang='lat' dir='ltr'>inter</span> <span class='ocrx_word' id='word_1_157' title='bbox 540 2478 663 2521; x_wconf 85' lang='lat' dir='ltr'>morem</span> <span class='ocrx_word' id='word_1_158' title='bbox 696 2457 736 2521; x_wconf 90' lang='lat' dir='ltr'>de</span> <span class='ocrx_word' id='word_1_159' title='bbox 774 2457 902 2540; x_wconf 85' lang='lat' dir='ltr'>Bredny</span> <span class='ocrx_word' id='word_1_160' title='bbox 931 2465 964 2521; x_wconf 94' lang='lat' dir='ltr'>et</span> <span class='ocrx_word' id='word_1_161' title='bbox 996 2456 1233 2540; x_wconf 79' lang='lat' dir='ltr'>Witspotdale;</span> 
     </span>
     <span class='ocr_line' id='line_1_21' title="bbox 96 2556 1233 2635; baseline -0.005 -10"><span class='ocrx_word' id='word_1_162' title='bbox 96 2559 166 2624; x_wconf 78' lang='lat' dir='ltr'>haec</span> <span class='ocrx_word' id='word_1_163' title='bbox 187 2560 272 2624; x_wconf 91' lang='lat' dir='ltr'>sicut</span> <span class='ocrx_word' id='word_1_164' title='bbox 301 2558 413 2622; x_wconf 86' lang='lat' dir='ltr'>divisae</span> <span class='ocrx_word' id='word_1_165' title='bbox 443 2558 514 2622; x_wconf 86' lang='lat' dir='ltr'>sitae</span> <span class='ocrx_word' id='word_1_166' title='bbox 543 2562 620 2620; x_wconf 85' lang='lat' dir='ltr'>sunt</span> <span class='ocrx_word' id='word_1_167' title='bbox 649 2557 734 2620; x_wconf 91' lang='lat' dir='ltr'>inter</span> <span class='ocrx_word' id='word_1_168' title='bbox 763 2577 885 2620; x_wconf 86' lang='lat' dir='ltr'>moram</span> <span class='ocrx_word' id='word_1_169' title='bbox 915 2561 948 2620; x_wconf 83' lang='lat' dir='ltr'>et</span> <span class='ocrx_word' id='word_1_170' title='bbox 976 2556 1126 2635; x_wconf 84' lang='lat' dir='ltr'>boscum3</span> <span class='ocrx_word' id='word_1_171' title='bbox 1156 2561 1189 2619; x_wconf 87' lang='lat' dir='ltr'>et</span> <span class='ocrx_word' id='word_1_172' title='bbox 1214 2577 1233 2619; x_wconf 85' lang='lat' dir='ltr'>a</span> 
     </span>
     <span class='ocr_line' id='line_1_22' title="bbox 96 2655 1234 2742; baseline -0.004 -20"><span class='ocrx_word' id='word_1_173' title='bbox 96 2659 168 2742; x_wconf 87' lang='lat'>(98)</span> <span class='ocrx_word' id='word_1_174' title='bbox 194 2659 283 2722; x_wconf 88' lang='lat' dir='ltr'>fonte</span> <span class='ocrx_word' id='word_1_175' title='bbox 309 2658 348 2721; x_wconf 93' lang='lat' dir='ltr'>de</span> <span class='ocrx_word' id='word_1_176' title='bbox 370 2656 550 2741; x_wconf 83' lang='lat' dir='ltr'>Langedale</span> <span class='ocrx_word' id='word_1_177' title='bbox 572 2676 674 2740; x_wconf 90' lang='lat' dir='ltr'>usque</span> <span class='ocrx_word' id='word_1_178' title='bbox 697 2656 738 2720; x_wconf 83' lang='lat' dir='ltr'>ed</span> <span class='ocrx_word' id='word_1_179' title='bbox 758 2657 850 2720; x_wconf 86' lang='lat' dir='ltr'>t’rem</span> <span class='ocrx_word' id='word_1_180' title='bbox 876 2656 936 2720; x_wconf 87' lang='lat' dir='ltr'>sub</span> <span class='ocrx_word' id='word_1_181' title='bbox 959 2655 1234 2733; x_wconf 86' lang='lat' dir='ltr'>Horedaleheved‚</span> 
     </span>
     <span class='ocr_line' id='line_1_23' title="bbox 95 2755 1234 2839; baseline -0.003 -17"><span class='ocrx_word' id='word_1_182' title='bbox 95 2763 130 2822; x_wconf 85' lang='lat' dir='ltr'>et</span> <span class='ocrx_word' id='word_1_183' title='bbox 167 2758 213 2822; x_wconf 90' lang='lat' dir='ltr'>sic</span> <span class='ocrx_word' id='word_1_184' title='bbox 249 2757 310 2821; x_wconf 91' lang='lat' dir='ltr'>sub</span> <span class='ocrx_word' id='word_1_185' title='bbox 347 2755 611 2820; x_wconf 83' lang='lat' dir='ltr'>Heredeleheved</span> <span class='ocrx_word' id='word_1_186' title='bbox 647 2776 750 2839; x_wconf 87' lang='lat' dir='ltr'>usque</span> <span class='ocrx_word' id='word_1_187' title='bbox 787 2756 827 2820; x_wconf 85' lang='lat' dir='ltr'>ad</span> <span class='ocrx_word' id='word_1_188' title='bbox 860 2756 982 2820; x_wconf 89' lang='lat' dir='ltr'>fontem</span> <span class='ocrx_word' id='word_1_189' title='bbox 1012 2756 1053 2820; x_wconf 90' lang='lat' dir='ltr'>de</span> <span class='ocrx_word' id='word_1_190' title='bbox 1082 2755 1234 2832; x_wconf 85' lang='lat' dir='ltr'>Hardele,</span> 
     </span>
     <span class='ocr_line' id='line_1_24' title="bbox 96 2854 1233 2938; baseline -0.003 -17"><span class='ocrx_word' id='word_1_191' title='bbox 96 2857 182 2922; x_wconf 88' lang='lat' dir='ltr'>sicut</span> <span class='ocrx_word' id='word_1_192' title='bbox 208 2855 320 2921; x_wconf 82' lang='lat' dir='ltr'>dirisae</span> <span class='ocrx_word' id='word_1_193' title='bbox 346 2856 417 2919; x_wconf 75' lang='lat' dir='ltr'>sitne</span> <span class='ocrx_word' id='word_1_194' title='bbox 446 2863 539 2933; x_wconf 89' lang='lat' dir='ltr'>sunt;</span> <span class='ocrx_word' id='word_1_195' title='bbox 568 2862 610 2923; x_wconf 14' lang='lat' dir='ltr'>*et</span> <span class='ocrx_word' id='word_1_196' title='bbox 639 2876 696 2937; x_wconf 89' lang='lat' dir='ltr'>pro</span> <span class='ocrx_word' id='word_1_197' title='bbox 726 2855 786 2919; x_wconf 85' lang='lat' dir='ltr'>hec</span> <span class='ocrx_word' id='word_1_198' title='bbox 816 2855 1002 2918; x_wconf 85' lang='lat' dir='ltr'>remissione</span> <span class='ocrx_word' id='word_1_199' title='bbox 1032 2860 1065 2919; x_wconf 87' lang='lat' dir='ltr'>et</span> <span class='ocrx_word' id='word_1_200' title='bbox 1090 2875 1143 2938; x_wconf 86' lang='lat' dir='ltr'>qu.</span> <span class='ocrx_word' id='word_1_201' title='bbox 1170 2854 1233 2918; x_wconf 87' lang='lat' dir='ltr'>cla-</span> 
     </span>
     <span class='ocr_line' id='line_1_25' title="bbox 95 2953 1232 3039; baseline -0.006 -18"><span class='ocrx_word' id='word_1_202' title='bbox 95 2957 237 3021; x_wconf 80' lang='lat' dir='ltr'>matione</span> <span class='ocrx_word' id='word_1_203' title='bbox 259 2955 354 3039; x_wconf 86' lang='lat' dir='ltr'>praed.</span> <span class='ocrx_word' id='word_1_204' title='bbox 374 2953 568 3029; x_wconf 67' lang='lat' dir='ltr'>willelmus</span> <span class='ocrx_word' id='word_1_205' title='bbox 589 2974 647 3037; x_wconf 92' lang='lat' dir='ltr'>pro</span> <span class='ocrx_word' id='word_1_206' title='bbox 670 2974 703 3017; x_wconf 86' lang='lat' dir='ltr'>ee</span> <span class='ocrx_word' id='word_1_207' title='bbox 727 2959 760 3017; x_wconf 86' lang='lat' dir='ltr'>et</span> <span class='ocrx_word' id='word_1_208' title='bbox 782 2953 855 3018; x_wconf 86' lang='lat' dir='ltr'>haer.</span> <span class='ocrx_word' id='word_1_209' title='bbox 879 2953 956 3029; x_wconf 89' lang='lat' dir='ltr'>suis,</span> <span class='ocrx_word' id='word_1_210' title='bbox 978 2953 1101 3016; x_wconf 86' lang='lat' dir='ltr'>remisit</span> <span class='ocrx_word' id='word_1_211' title='bbox 1123 2959 1156 3016; x_wconf 90' lang='lat' dir='ltr'>et</span> <span class='ocrx_word' id='word_1_212' title='bbox 1181 2972 1232 3035; x_wconf 91' lang='lat' dir='ltr'>qu.</span> 
     </span>
     <span class='ocr_line' id='line_1_26' title="bbox 96 3051 1231 3129; baseline -0.005 -9"><span class='ocrx_word' id='word_1_213' title='bbox 96 3056 188 3121; x_wconf 83' lang='lat' dir='ltr'>clam</span> <span class='ocrx_word' id='word_1_214' title='bbox 212 3053 396 3118; x_wconf 85' lang='lat' dir='ltr'>omnimoda</span> <span class='ocrx_word' id='word_1_215' title='bbox 418 3053 574 3117; x_wconf 85' lang='lat' dir='ltr'>estoveria</span> <span class='ocrx_word' id='word_1_216' title='bbox 596 3053 684 3116; x_wconf 90' lang='lat' dir='ltr'>bosci</span> <span class='ocrx_word' id='word_1_217' title='bbox 706 3053 742 3116; x_wconf 90' lang='lat' dir='ltr'>in</span> <span class='ocrx_word' id='word_1_218' title='bbox 764 3051 1021 3129; x_wconf 84' lang='lat' dir='ltr'>Herdaleheved‚</span> <span class='ocrx_word' id='word_1_219' title='bbox 1039 3059 1072 3116; x_wconf 88' lang='lat' dir='ltr'>et</span> <span class='ocrx_word' id='word_1_220' title='bbox 1093 3053 1129 3116; x_wconf 93' lang='lat' dir='ltr'>in</span> <span class='ocrx_word' id='word_1_221' title='bbox 1149 3072 1231 3115; x_wconf 90' lang='lat' dir='ltr'>omn.</span> 
     </span>
    </p>
   </div>
   <div class='ocr_carea' id='block_1_5' title="bbox 94 3175 1234 4488">
    <p class='ocr_par' dir='ltr' id='par_1_7' title="bbox 96 3175 1233 3316">
     <span class='ocr_line' id='line_1_27' title="bbox 133 3175 1233 3242; baseline -0.004 -11"><span class='ocrx_word' id='word_1_222' title='bbox 133 3180 205 3232; x_wconf 83' lang='lat' dir='ltr'>¹An</span> <span class='ocrx_word' id='word_1_223' title='bbox 227 3178 342 3230; x_wconf 77' lang='lat' dir='ltr'>unusual</span> <span class='ocrx_word' id='word_1_224' title='bbox 362 3177 444 3239; x_wconf 68' lang='lat' dir='ltr'>word,</span> <span class='ocrx_word' id='word_1_225' title='bbox 459 3177 508 3227; x_wconf 90' lang='lat' dir='ltr'>but</span> <span class='ocrx_word' id='word_1_226' title='bbox 530 3176 605 3227; x_wconf 86' lang='lat' dir='ltr'>there</span> <span class='ocrx_word' id='word_1_227' title='bbox 626 3192 711 3227; x_wconf 85' lang='lat' dir='ltr'>seems</span> <span class='ocrx_word' id='word_1_228' title='bbox 731 3180 761 3227; x_wconf 93' lang='lat' dir='ltr'>to</span> <span class='ocrx_word' id='word_1_229' title='bbox 784 3176 818 3226; x_wconf 87' lang='lat' dir='ltr'>be</span> <span class='ocrx_word' id='word_1_230' title='bbox 838 3193 872 3228; x_wconf 91' lang='lat' dir='ltr'>no</span> <span class='ocrx_word' id='word_1_231' title='bbox 893 3177 1061 3242; x_wconf 81' lang='lat' dir='ltr'>uncertainty</span> <span class='ocrx_word' id='word_1_232' title='bbox 1084 3175 1166 3227; x_wconf 78' lang='lat' dir='ltr'>about</span> <span class='ocrx_word' id='word_1_233' title='bbox 1187 3176 1233 3227; x_wconf 88' lang='lat' dir='ltr'>the</span> 
     </span>
     <span class='ocr_line' id='line_1_28' title="bbox 96 3264 214 3316; baseline -0.017 0"><span class='ocrx_word' id='word_1_234' title='bbox 96 3264 189 3316; x_wconf 77' lang='lat' dir='ltr'>rcedin</span> <span class='ocrx_word' id='word_1_235' title='bbox 208 3303 214 3314; x_wconf 91' lang='lat'><strong>.</strong></span> 
     </span>
    </p>

    <p class='ocr_par' dir='ltr' id='par_1_8' title="bbox 95 3281 1234 3481">
     <span class='ocr_line' id='line_1_29' title="bbox 131 3281 1234 3412; baseline -0.005 -14"><span class='ocrx_word' id='word_1_236' title='bbox 131 3347 143 3381; x_wconf 78' lang='lat'>²</span> <span class='ocrx_word' id='word_1_237' title='bbox 161 3281 252 3412; x_wconf 49' lang='lat' dir='ltr'>seips.</span> <span class='ocrx_word' id='word_1_238' title='bbox 266 3344 299 3395; x_wconf 90' lang='lat' dir='ltr'>de</span> <span class='ocrx_word' id='word_1_239' title='bbox 311 3343 436 3403; x_wconf 64' lang='lat' dir='ltr'>Ronelleu</span> <span class='ocrx_word' id='word_1_240' title='bbox 451 3343 566 3393; x_wconf 76' lang='lat' dir='ltr'>Thomas</span> <span class='ocrx_word' id='word_1_241' title='bbox 579 3341 611 3392; x_wconf 90' lang='lat' dir='ltr'>de</span> <span class='ocrx_word' id='word_1_242' title='bbox 625 3341 821 3407; x_wconf 81' lang='lat' dir='ltr'>Hewkesgarth</span> <span class='ocrx_word' id='word_1_243' title='bbox 835 3341 888 3392; x_wconf 76' lang='lat' dir='ltr'>ond</span> <span class='ocrx_word' id='word_1_244' title='bbox 900 3341 957 3392; x_wconf 90' lang='lat' dir='ltr'>Ric.</span> <span class='ocrx_word' id='word_1_245' title='bbox 971 3340 1005 3391; x_wconf 91' lang='lat' dir='ltr'>de</span> <span class='ocrx_word' id='word_1_246' title='bbox 1017 3340 1105 3407; x_wconf 81' lang='lat' dir='ltr'>Filing</span> <span class='ocrx_word' id='word_1_247' title='bbox 1122 3356 1166 3391; x_wconf 82' lang='lat' dir='ltr'>are</span> <span class='ocrx_word' id='word_1_248' title='bbox 1179 3341 1234 3392; x_wconf 77' lang='lat' dir='ltr'>also</span> 
     </span>
     <span class='ocr_line' id='line_1_30' title="bbox 95 3426 1009 3481; baseline -0.016 0"><span class='ocrx_word' id='word_1_249' title='bbox 95 3431 275 3481; x_wconf 79' lang='lat' dir='ltr'>cowitnesses</span> <span class='ocrx_word' id='word_1_250' title='bbox 286 3431 315 3478; x_wconf 86' lang='lat' dir='ltr'>to</span> <span class='ocrx_word' id='word_1_251' title='bbox 328 3426 379 3477; x_wconf 88' lang='lat' dir='ltr'>No.</span> <span class='ocrx_word' id='word_1_252' title='bbox 393 3428 453 3478; x_wconf 83' lang='lat'>346.</span> <span class='ocrx_word' id='word_1_253' title='bbox 999 3457 1009 3466; x_wconf 93' lang='lat'><em>.</em></span> 
     </span>
    </p>

    <p class='ocr_par' dir='ltr' id='par_1_9' title="bbox 131 3507 477 3562">
     <span class='ocr_line' id='line_1_31' title="bbox 131 3507 477 3562; baseline -0.012 1"><span class='ocrx_word' id='word_1_254' title='bbox 131 3510 143 3545; x_wconf 81' lang='lat'>³</span> <span class='ocrx_word' id='word_1_255' title='bbox 161 3510 279 3562; x_wconf 78' lang='lat' dir='ltr'>Williem</span> <span class='ocrx_word' id='word_1_256' title='bbox 291 3509 324 3559; x_wconf 91' lang='lat' dir='ltr'>de</span> <span class='ocrx_word' id='word_1_257' title='bbox 337 3507 477 3559; x_wconf 75' lang='lat' dir='ltr'>Kirkhnrn</span> 
     </span>
    </p>

    <p class='ocr_par' dir='ltr' id='par_1_10' title="bbox 131 3589 713 3653">
     <span class='ocr_line' id='line_1_32' title="bbox 131 3589 713 3653; baseline -0.012 -7"><span class='ocrx_word' id='word_1_258' title='bbox 131 3592 142 3626; x_wconf 85' lang='lat'><strong>⁴</strong></span> <span class='ocrx_word' id='word_1_259' title='bbox 160 3593 208 3645; x_wconf 85' lang='lat' dir='ltr'>See</span> <span class='ocrx_word' id='word_1_260' title='bbox 220 3592 284 3644; x_wconf 83' lang='lat' dir='ltr'>Nos.</span> <span class='ocrx_word' id='word_1_261' title='bbox 300 3593 360 3653; x_wconf 82' lang='lat'><strong>507,</strong></span> <span class='ocrx_word' id='word_1_262' title='bbox 374 3593 433 3652; x_wconf 80' lang='lat'><strong>508,</strong></span> <span class='ocrx_word' id='word_1_263' title='bbox 446 3590 500 3640; x_wconf 81' lang='lat' dir='ltr'>end</span> <span class='ocrx_word' id='word_1_264' title='bbox 511 3589 567 3640; x_wconf 78' lang='lat' dir='ltr'>also</span> <span class='ocrx_word' id='word_1_265' title='bbox 580 3590 639 3650; x_wconf 80' lang='lat'><strong>276,</strong></span> <span class='ocrx_word' id='word_1_266' title='bbox 653 3590 713 3640; x_wconf 82' lang='lat'><strong>280.</strong></span> 
     </span>
    </p>

    <p class='ocr_par' dir='ltr' id='par_1_11' title="bbox 94 3671 1234 4488">
     <span class='ocr_line' id='line_1_33' title="bbox 131 3671 1233 3738; baseline -0.002 -11"><span class='ocrx_word' id='word_1_267' title='bbox 131 3674 143 3708; x_wconf 83' lang='lat'><strong>⁶</strong></span> <span class='ocrx_word' id='word_1_268' title='bbox 160 3676 243 3728; x_wconf 79' lang='lat' dir='ltr'>Graiu</span> <span class='ocrx_word' id='word_1_269' title='bbox 254 3675 277 3725; x_wconf 82' lang='lat' dir='ltr'>is</span> <span class='ocrx_word' id='word_1_270' title='bbox 290 3692 306 3725; x_wconf 76' lang='lat' dir='ltr'><strong>a</strong></span> <span class='ocrx_word' id='word_1_271' title='bbox 318 3674 392 3724; x_wconf 89' lang='lat' dir='ltr'>word</span> <span class='ocrx_word' id='word_1_272' title='bbox 404 3672 431 3723; x_wconf 80' lang='lat' dir='ltr'>oi</span> <span class='ocrx_word' id='word_1_273' title='bbox 449 3672 527 3723; x_wconf 78' lang='lat' dir='ltr'>usual</span> <span class='ocrx_word' id='word_1_274' title='bbox 543 3688 697 3723; x_wconf 82' lang='lat' dir='ltr'>occurrence</span> <span class='ocrx_word' id='word_1_275' title='bbox 715 3688 744 3722; x_wconf 79' lang='lat' dir='ltr'>as</span> <span class='ocrx_word' id='word_1_276' title='bbox 761 3671 889 3738; x_wconf 84' lang='lat' dir='ltr'>denoting</span> <span class='ocrx_word' id='word_1_277' title='bbox 907 3672 954 3723; x_wconf 90' lang='lat' dir='ltr'>the</span> <span class='ocrx_word' id='word_1_278' title='bbox 971 3672 1072 3723; x_wconf 80' lang='lat' dir='ltr'>brench</span> <span class='ocrx_word' id='word_1_279' title='bbox 1088 3673 1117 3723; x_wconf 81' lang='lat' dir='ltr'>of</span> <span class='ocrx_word' id='word_1_280' title='bbox 1134 3689 1150 3723; x_wconf 82' lang='lat' dir='ltr'><strong>a</strong></span> <span class='ocrx_word' id='word_1_281' title='bbox 1167 3678 1233 3737; x_wconf 84' lang='lat' dir='ltr'>tree,</span> 
     </span>
     <span class='ocr_line' id='line_1_34' title="bbox 95 3754 1232 3822; baseline -0.002 -12"><span class='ocrx_word' id='word_1_282' title='bbox 95 3759 142 3811; x_wconf 89' lang='lat' dir='ltr'>the</span> <span class='ocrx_word' id='word_1_283' title='bbox 160 3759 218 3809; x_wconf 83' lang='lat' dir='ltr'>tine</span> <span class='ocrx_word' id='word_1_284' title='bbox 229 3757 258 3808; x_wconf 85' lang='lat' dir='ltr'>oi</span> <span class='ocrx_word' id='word_1_285' title='bbox 275 3772 292 3807; x_wconf 73' lang='lat' dir='ltr'><strong>a</strong></span> <span class='ocrx_word' id='word_1_286' title='bbox 308 3755 377 3819; x_wconf 80' lang='lat' dir='ltr'>ioth,</span> <span class='ocrx_word' id='word_1_287' title='bbox 391 3771 421 3806; x_wconf 87' lang='lat' dir='ltr'>or</span> <span class='ocrx_word' id='word_1_288' title='bbox 438 3754 570 3821; x_wconf 83' lang='lat' dir='ltr'>cnything</span> <span class='ocrx_word' id='word_1_289' title='bbox 582 3754 669 3805; x_wconf 85' lang='lat' dir='ltr'>which</span> <span class='ocrx_word' id='word_1_290' title='bbox 682 3754 804 3822; x_wconf 82' lang='lat' dir='ltr'>diverges</span> <span class='ocrx_word' id='word_1_291' title='bbox 822 3759 851 3806; x_wconf 82' lang='lat' dir='ltr'>et</span> <span class='ocrx_word' id='word_1_292' title='bbox 868 3771 903 3804; x_wconf 80' lang='lat' dir='ltr'>en</span> <span class='ocrx_word' id='word_1_293' title='bbox 921 3754 997 3821; x_wconf 82' lang='lat' dir='ltr'>angle</span> <span class='ocrx_word' id='word_1_294' title='bbox 1015 3754 1083 3806; x_wconf 77' lang='lat' dir='ltr'>from</span> <span class='ocrx_word' id='word_1_295' title='bbox 1097 3757 1144 3808; x_wconf 84' lang='lat' dir='ltr'>the</span> <span class='ocrx_word' id='word_1_296' title='bbox 1162 3758 1232 3808; x_wconf 81' lang='lat' dir='ltr'>mein</span> 
     </span>
     <span class='ocr_line' id='line_1_35' title="bbox 94 3836 1233 3907; baseline -0.001 -15"><span class='ocrx_word' id='word_1_297' title='bbox 94 3841 150 3892; x_wconf 88' lang='lat' dir='ltr'>line</span> <span class='ocrx_word' id='word_1_298' title='bbox 162 3840 190 3891; x_wconf 81' lang='lat' dir='ltr'>oi</span> <span class='ocrx_word' id='word_1_299' title='bbox 205 3839 318 3907; x_wconf 79' lang='lat' dir='ltr'>growth,</span> <span class='ocrx_word' id='word_1_300' title='bbox 331 3854 424 3889; x_wconf 82' lang='lat' dir='ltr'>course</span> <span class='ocrx_word' id='word_1_301' title='bbox 436 3838 464 3887; x_wconf 85' lang='lat' dir='ltr'>of</span> <span class='ocrx_word' id='word_1_302' title='bbox 476 3837 601 3899; x_wconf 67' lang='lat' dir='ltr'>acirence,</span> <span class='ocrx_word' id='word_1_303' title='bbox 614 3842 672 3898; x_wconf 82' lang='lat' dir='ltr'>etc,</span> <span class='ocrx_word' id='word_1_304' title='bbox 688 3836 742 3888; x_wconf 80' lang='lat' dir='ltr'>end</span> <span class='ocrx_word' id='word_1_305' title='bbox 754 3837 790 3888; x_wconf 81' lang='lat' dir='ltr'>its</span> <span class='ocrx_word' id='word_1_306' title='bbox 802 3853 857 3900; x_wconf 86' lang='lat' dir='ltr'>use,</span> <span class='ocrx_word' id='word_1_307' title='bbox 870 3853 899 3887; x_wconf 79' lang='lat' dir='ltr'>as</span> <span class='ocrx_word' id='word_1_308' title='bbox 911 3837 1016 3902; x_wconf 80' lang='lat' dir='ltr'>applied</span> <span class='ocrx_word' id='word_1_309' title='bbox 1028 3842 1057 3888; x_wconf 92' lang='lat' dir='ltr'>to</span> <span class='ocrx_word' id='word_1_310' title='bbox 1069 3855 1086 3888; x_wconf 81' lang='lat' dir='ltr'>c</span> <span class='ocrx_word' id='word_1_311' title='bbox 1097 3840 1233 3906; x_wconf 77' lang='lat' dir='ltr'>tributary</span> 
     </span>
     <span class='ocr_line' id='line_1_36' title="bbox 94 3920 1233 3988; baseline 0 -13"><span class='ocrx_word' id='word_1_312' title='bbox 94 3927 125 3975; x_wconf 89' lang='lat' dir='ltr'>to</span> <span class='ocrx_word' id='word_1_313' title='bbox 137 3938 154 3973; x_wconf 76' lang='lat' dir='ltr'>e</span> <span class='ocrx_word' id='word_1_314' title='bbox 165 3922 233 3973; x_wconf 81' lang='lat' dir='ltr'>beck</span> <span class='ocrx_word' id='word_1_315' title='bbox 249 3938 279 3973; x_wconf 88' lang='lat' dir='ltr'>or</span> <span class='ocrx_word' id='word_1_316' title='bbox 296 3926 402 3984; x_wconf 74' lang='lat' dir='ltr'>stream,</span> <span class='ocrx_word' id='word_1_317' title='bbox 415 3921 438 3972; x_wconf 82' lang='lat' dir='ltr'>is</span> <span class='ocrx_word' id='word_1_318' title='bbox 457 3925 505 3972; x_wconf 89' lang='lat' dir='ltr'>not</span> <span class='ocrx_word' id='word_1_319' title='bbox 518 3924 547 3971; x_wconf 83' lang='lat' dir='ltr'>at</span> <span class='ocrx_word' id='word_1_320' title='bbox 558 3920 594 3970; x_wconf 77' lang='lat' dir='ltr'>all</span> <span class='ocrx_word' id='word_1_321' title='bbox 612 3920 749 3970; x_wconf 85' lang='lat' dir='ltr'>unknown</span> <span class='ocrx_word' id='word_1_322' title='bbox 762 3936 826 3971; x_wconf 85' lang='lat' dir='ltr'>even</span> <span class='ocrx_word' id='word_1_323' title='bbox 845 3925 908 3985; x_wconf 85' lang='lat' dir='ltr'>yet:</span> <span class='ocrx_word' id='word_1_324' title='bbox 929 3920 993 3973; x_wconf 89' lang='lat' dir='ltr'>0.N.</span> <span class='ocrx_word' id='word_1_325' title='bbox 1007 3923 1085 3985; x_wconf 72' lang='lat' dir='ltr'>proin,</span> <span class='ocrx_word' id='word_1_326' title='bbox 1099 3923 1149 3974; x_wconf 87' lang='lat' dir='ltr'>Sw.</span> <span class='ocrx_word' id='word_1_327' title='bbox 1163 3941 1233 3988; x_wconf 75' lang='lat' dir='ltr'>pren,</span> 
     </span>
     <span class='ocr_line' id='line_1_37' title="bbox 95 4003 1232 4070; baseline 0 -12"><span class='ocrx_word' id='word_1_328' title='bbox 95 4006 163 4058; x_wconf 76' lang='lat' dir='ltr'>Dan</span> <span class='ocrx_word' id='word_1_329' title='bbox 178 4021 290 4070; x_wconf 61' lang='lat' dir='ltr'>proetus</span> <span class='ocrx_word' id='word_1_330' title='bbox 308 4005 415 4068; x_wconf 82' lang='lat' dir='ltr'>brench,</span> <span class='ocrx_word' id='word_1_331' title='bbox 429 4004 491 4055; x_wconf 79' lang='lat' dir='ltr'>that</span> <span class='ocrx_word' id='word_1_332' title='bbox 506 4003 595 4054; x_wconf 82' lang='lat' dir='ltr'>which</span> <span class='ocrx_word' id='word_1_333' title='bbox 614 4004 695 4054; x_wconf 83' lang='lat' dir='ltr'>forms</span> <span class='ocrx_word' id='word_1_334' title='bbox 713 4020 729 4054; x_wconf 82' lang='lat' dir='ltr'>e</span> <span class='ocrx_word' id='word_1_335' title='bbox 747 4003 808 4054; x_wconf 80' lang='lat' dir='ltr'>fork</span> <span class='ocrx_word' id='word_1_336' title='bbox 820 4003 887 4054; x_wconf 84' lang='lat' dir='ltr'>with</span> <span class='ocrx_word' id='word_1_337' title='bbox 905 4003 952 4054; x_wconf 92' lang='lat' dir='ltr'>the</span> <span class='ocrx_word' id='word_1_338' title='bbox 970 4004 1041 4054; x_wconf 84' lang='lat' dir='ltr'>mein</span> <span class='ocrx_word' id='word_1_339' title='bbox 1060 4009 1137 4057; x_wconf 84' lang='lat' dir='ltr'>stem.</span> <span class='ocrx_word' id='word_1_340' title='bbox 1177 4007 1232 4058; x_wconf 89' lang='lat' dir='ltr'>The</span> 
     </span>
     <span class='ocr_line' id='line_1_38' title="bbox 95 4085 1234 4152; baseline -0.002 -12"><span class='ocrx_word' id='word_1_341' title='bbox 95 4095 210 4142; x_wconf 78' lang='lat' dir='ltr'>western</span> <span class='ocrx_word' id='word_1_342' title='bbox 221 4089 322 4139; x_wconf 81' lang='lat' dir='ltr'>brench</span> <span class='ocrx_word' id='word_1_343' title='bbox 340 4105 370 4138; x_wconf 92' lang='lat' dir='ltr'>or</span> <span class='ocrx_word' id='word_1_344' title='bbox 388 4088 477 4139; x_wconf 84' lang='lat' dir='ltr'>feeder</span> <span class='ocrx_word' id='word_1_345' title='bbox 489 4087 517 4137; x_wconf 84' lang='lat' dir='ltr'>oi</span> <span class='ocrx_word' id='word_1_346' title='bbox 534 4086 718 4152; x_wconf 81' lang='lat' dir='ltr'>Whisperdnle</span> <span class='ocrx_word' id='word_1_347' title='bbox 737 4085 809 4136; x_wconf 85' lang='lat' dir='ltr'>Beck</span> <span class='ocrx_word' id='word_1_348' title='bbox 826 4086 850 4136; x_wconf 89' lang='lat' dir='ltr'>is</span> <span class='ocrx_word' id='word_1_349' title='bbox 869 4086 951 4150; x_wconf 75' lang='lat' dir='ltr'>easily</span> <span class='ocrx_word' id='word_1_350' title='bbox 964 4087 1054 4137; x_wconf 79' lang='lat' dir='ltr'>traced</span> <span class='ocrx_word' id='word_1_351' title='bbox 1066 4103 1101 4138; x_wconf 90' lang='lat' dir='ltr'>on</span> <span class='ocrx_word' id='word_1_352' title='bbox 1113 4087 1159 4138; x_wconf 89' lang='lat' dir='ltr'>the</span> <span class='ocrx_word' id='word_1_353' title='bbox 1171 4104 1234 4138; x_wconf 88' lang='lat' dir='ltr'>one-</span> 
     </span>
     <span class='ocr_line' id='line_1_39' title="bbox 94 4168 1232 4236; baseline -0.004 -11"><span class='ocrx_word' id='word_1_354' title='bbox 94 4174 157 4225; x_wconf 89' lang='lat' dir='ltr'>inch</span> <span class='ocrx_word' id='word_1_355' title='bbox 176 4173 314 4224; x_wconf 80' lang='lat' dir='ltr'>Orduance</span> <span class='ocrx_word' id='word_1_356' title='bbox 332 4173 442 4236; x_wconf 86' lang='lat' dir='ltr'>Survcy.</span> <span class='ocrx_word' id='word_1_357' title='bbox 479 4169 664 4221; x_wconf 84' lang='lat' dir='ltr'>Revencombe</span> <span class='ocrx_word' id='word_1_358' title='bbox 683 4168 744 4229; x_wconf 85' lang='lat' dir='ltr'>Gill,</span> <span class='ocrx_word' id='word_1_359' title='bbox 761 4169 807 4219; x_wconf 88' lang='lat' dir='ltr'>the</span> <span class='ocrx_word' id='word_1_360' title='bbox 825 4168 907 4219; x_wconf 80' lang='lat' dir='ltr'>letter</span> <span class='ocrx_word' id='word_1_361' title='bbox 924 4168 1040 4219; x_wconf 83' lang='lat' dir='ltr'>clement</span> <span class='ocrx_word' id='word_1_362' title='bbox 1057 4170 1085 4219; x_wconf 94' lang='lat' dir='ltr'>in</span> <span class='ocrx_word' id='word_1_363' title='bbox 1103 4169 1190 4220; x_wconf 84' lang='lat' dir='ltr'>which</span> <span class='ocrx_word' id='word_1_364' title='bbox 1210 4171 1232 4220; x_wconf 85' lang='lat' dir='ltr'>is</span> 
     </span>
     <span class='ocr_line' id='line_1_40' title="bbox 94 4251 1233 4313; baseline -0.005 -5"><span class='ocrx_word' id='word_1_365' title='bbox 94 4256 151 4308; x_wconf 74' lang='lat' dir='ltr'>also</span> <span class='ocrx_word' id='word_1_366' title='bbox 164 4255 275 4306; x_wconf 85' lang='lat' dir='ltr'>another</span> <span class='ocrx_word' id='word_1_367' title='bbox 293 4254 487 4306; x_wconf 77' lang='lat' dir='ltr'>Scendinevien</span> <span class='ocrx_word' id='word_1_368' title='bbox 499 4253 573 4304; x_wconf 84' lang='lat' dir='ltr'>word</span> <span class='ocrx_word' id='word_1_369' title='bbox 585 4253 613 4303; x_wconf 85' lang='lat' dir='ltr'>oi</span> <span class='ocrx_word' id='word_1_370' title='bbox 632 4251 765 4303; x_wconf 76' lang='lat' dir='ltr'>universal</span> <span class='ocrx_word' id='word_1_371' title='bbox 783 4267 945 4313; x_wconf 88' lang='lat' dir='ltr'>occurrence,</span> <span class='ocrx_word' id='word_1_372' title='bbox 959 4251 981 4300; x_wconf 81' lang='lat' dir='ltr'>is</span> <span class='ocrx_word' id='word_1_373' title='bbox 999 4255 1047 4301; x_wconf 87' lang='lat' dir='ltr'>not</span> <span class='ocrx_word' id='word_1_374' title='bbox 1065 4268 1124 4301; x_wconf 85' lang='lat' dir='ltr'>now</span> <span class='ocrx_word' id='word_1_375' title='bbox 1137 4251 1233 4303; x_wconf 91' lang='lat' dir='ltr'>identi-</span> 
     </span>
     <span class='ocr_line' id='line_1_41' title="bbox 94 4334 1233 4401; baseline -0.004 -11"><span class='ocrx_word' id='word_1_376' title='bbox 94 4339 179 4391; x_wconf 75' lang='lat' dir='ltr'>fleble.</span> <span class='ocrx_word' id='word_1_377' title='bbox 216 4338 273 4389; x_wconf 86' lang='lat' dir='ltr'>The</span> <span class='ocrx_word' id='word_1_378' title='bbox 284 4338 358 4389; x_wconf 88' lang='lat' dir='ltr'>word</span> <span class='ocrx_word' id='word_1_379' title='bbox 371 4338 460 4400; x_wconf 74' lang='lat' dir='ltr'>corate,</span> <span class='ocrx_word' id='word_1_380' title='bbox 473 4336 604 4397; x_wconf 86' lang='lat' dir='ltr'>however,</span> <span class='ocrx_word' id='word_1_381' title='bbox 619 4339 666 4401; x_wconf 89' lang='lat' dir='ltr'>yet</span> <span class='ocrx_word' id='word_1_382' title='bbox 678 4334 792 4386; x_wconf 79' lang='lat' dir='ltr'>remeius</span> <span class='ocrx_word' id='word_1_383' title='bbox 804 4335 833 4384; x_wconf 91' lang='lat' dir='ltr'>in</span> <span class='ocrx_word' id='word_1_384' title='bbox 844 4351 916 4385; x_wconf 85' lang='lat' dir='ltr'>more</span> <span class='ocrx_word' id='word_1_385' title='bbox 928 4334 994 4384; x_wconf 78' lang='lat' dir='ltr'>than</span> <span class='ocrx_word' id='word_1_386' title='bbox 1007 4350 1057 4385; x_wconf 86' lang='lat' dir='ltr'>one</span> <span class='ocrx_word' id='word_1_387' title='bbox 1072 4334 1139 4386; x_wconf 80' lang='lat' dir='ltr'>locel</span> <span class='ocrx_word' id='word_1_388' title='bbox 1156 4351 1233 4386; x_wconf 78' lang='lat' dir='ltr'>neme</span> 
     </span>
     <span class='ocr_line' id='line_1_42' title="bbox 94 4420 398 4488; baseline -0.013 -15"><span class='ocrx_word' id='word_1_389' title='bbox 94 4420 121 4475; x_wconf 88' lang='lat' dir='ltr'>iu</span> <span class='ocrx_word' id='word_1_390' title='bbox 135 4421 182 4473; x_wconf 88' lang='lat' dir='ltr'>the</span> <span class='ocrx_word' id='word_1_391' title='bbox 195 4437 266 4474; x_wconf 81' lang='lat' dir='ltr'>some</span> <span class='ocrx_word' id='word_1_392' title='bbox 279 4420 398 4488; x_wconf 86' lang='lat' dir='ltr'>vicinity.</span> 
     </span>
    </p>
   </div>
   <div class='ocr_carea' id='block_1_6' title="bbox 0 0 1464 4980">
    <p class='ocr_par' dir='ltr' id='par_1_12' title="bbox 0 0 1464 4980">
     <span class='ocr_line' id='line_1_43' title="bbox 0 0 1464 4980; baseline 0 0"><span class='ocrx_word' id='word_1_393' title='bbox 0 0 1464 4980; x_wconf 95' lang='lat' dir='ltr'> </span> 
     </span>
    </p>
   </div>
  </div>
 </body>
</html>
