2918 4980
321 477 593 532 cnarunsamu
610 449 815 529 incursus
832 475 881 527 un
897 473 1084 527 wsrrnnu.
1208 464 1270 522 643

137 643 296 708 Mon’imn
325 649 360 707 et
388 641 568 706 manerium
596 640 750 724 praedicta
779 639 1045 724 qualibetcunque
1074 639 1272 723 pertinentes

136 741 340 818 ordinationi,
369 739 476 816 laudo,
504 739 641 817 decreto,
667 744 701 804 et
731 739 818 803 dioto
839 739 997 805 Venersb.
1024 739 1125 822 patris
1151 744 1185 802 et
1206 738 1273 802 d'ni

137 841 248 917 nostri,
270 841 348 904 D'ni
361 838 530 916 Willelmi,
545 839 586 902 D.
603 838 641 903 G.
656 838 750 903 Ebor.
764 838 938 923 Archiep'i,
960 838 1089 922 Angliae
1112 837 1274 915 Primatis,

137 947 297 1024 quantum
325 940 361 1002 in
390 938 485 1003 nobis
513 938 566 1015 sit,
595 938 818 1015 submittendi,
846 939 949 1021 ipsius
979 938 1214 1002 ordinationem
1240 945 1274 1002 et

136 1039 272 1103 laudum
292 1037 426 1123 petendi
440 1043 474 1101 et
492 1038 715 1121 prosequendi,
731 1045 765 1102 et
785 1037 821 1101 in
836 1045 989 1102 eventum
1011 1038 1194 1114 eorundem,
1215 1044 1274 1100 aut

138 1139 359 1223 cujuscunque
373 1139 414 1203 de
425 1137 555 1215 eisdem,
565 1158 604 1202 ea
618 1137 817 1221 approbandi
832 1144 865 1202 et
879 1138 1080 1222 emologandi
1095 1145 1129 1202 et
1140 1158 1273 1202 consen-

138 1238 242 1303 tiendi
257 1237 378 1303 eisdem
393 1238 543 1302 omnibus
557 1242 591 1302 et
605 1236 742 1321 singulis
756 1236 938 1320 pertinent,
949 1258 1008 1301 nos
1019 1245 1135 1314 ratum,
1145 1244 1272 1321 gratum

138 1345 172 1402 et
193 1338 322 1401 firmum
343 1335 518 1412 habituros,
533 1336 739 1420 perfecturos,
754 1357 812 1400 seu
833 1336 1032 1420 impleturos,
1047 1343 1143 1420 prout
1157 1336 1199 1400 ad
1213 1357 1273 1400 nos

139 1436 288 1520 pertinet,
306 1455 364 1500 scu
384 1435 568 1518 pertinebit,
586 1442 620 1500 et
641 1440 802 1519 quatenus
824 1435 859 1499 in
882 1436 975 1500 nobis
996 1435 1103 1513 fuerit,
1125 1456 1182 1500 seu
1204 1456 1273 1500 esse

139 1536 266 1619 poterit,
286 1534 440 1619 quicquid
461 1535 548 1599 idem
562 1535 765 1600 Venerabilis
787 1542 879 1619 pater
898 1536 983 1599 inter
1006 1556 1065 1599 nos
1087 1541 1120 1599 et
1142 1536 1273 1600 fratrem

139 1635 295 1699 Thomam
306 1634 347 1699 de
357 1633 484 1698 Malton
496 1634 685 1719 praedictum
694 1635 824 1699 duxerit
835 1635 1058 1711 ordinandum,
1067 1635 1275 1712 laudandum,

140 1757 197 1801 seu
212 1734 453 1819 quomodolibet
467 1733 712 1812 decernendum,
727 1734 825 1798 etiam
840 1735 869 1798 si
883 1734 1022 1798 voluerit
1043 1734 1163 1817 absque
1185 1735 1274 1798 omni

139 1855 243 1900 causae
278 1834 471 1917 cognitione,
500 1833 597 1917 plena
626 1839 683 1898 aut
711 1833 893 1911 summaria,
919 1834 1058 1916 strepitu
1086 1840 1144 1896 aut
1172 1833 1276 1917 figura

136 1933 260 2019 judicii,
273 1941 371 2018 prout
385 1933 502 1998 viderit
517 1939 576 1997 aut
598 1933 768 1998 crediderit
783 1933 952 2016 expedire3
969 1933 1153 2016 juramenta
1167 1933 1276 2011 etiam,

139 2043 207 2099 tam
230 2034 270 2098 de
285 2033 470 2118 calumpnia
484 2054 583 2117 quam
598 2034 637 2098 de
652 2034 786 2099 veritate
801 2032 947 2109 dicenda,
961 2039 994 2097 et
1008 2032 1175 2116 quodlibet
1187 2033 1276 2097 aliud

140 2153 241 2218 genus
269 2133 353 2197 liciti
382 2133 574 2198 sacramenti
602 2133 637 2196 in
659 2134 783 2197 animos
809 2139 934 2197 nostras
957 2132 1139 2216 praestandi,
1163 2133 1277 2216 positi-

140 2234 257 2298 onibus
279 2240 313 2297 et
334 2232 638 2317 interrogationibus
659 2232 740 2297 dicti
757 2232 857 2316 patris
877 2231 1100 2315 respondendi,
1123 2231 1277 2306 defectus,

141 2332 362 2397 excusationes
373 2338 407 2396 et
417 2332 658 2415 impedimenta,
666 2332 740 2415 jura
751 2338 784 2397 et
794 2332 934 2396 rationes
949 2351 1007 2395 nos
1022 2337 1056 2396 ot
1067 2332 1277 2395 Monast'ium

142 2435 288 2495 nostrum
303 2430 581 2514 qualitercumque
596 2431 822 2515 contingentes
837 2430 1045 2515 proponendi,
1060 2430 1223 2514 allegandi
1244 2435 1278 2494 et

142 2531 306 2614 probandi,
318 2531 473 2595 acomnia
484 2530 592 2594 aliast
606 2530 734 2616 singula
748 2537 860 2595 nostro
875 2530 1006 2595 nomine
1020 2529 1168 2606 faciendi,
1179 2529 1278 2593 etiam

142 2630 171 2694 si
182 2631 372 2694 mandatum
383 2631 519 2715 exigunt
533 2630 680 2713 speciale.
718 2632 781 2695 Pro
796 2630 917 2695 eisdem
928 2650 1004 2694 vero
1013 2629 1278 2694 Procuratoribus

143 2729 269 2805 nostris,
290 2735 324 2793 et
345 2750 454 2793 eorum
479 2729 726 2814 quibuscunque
748 2730 883 2806 duobus,
905 2749 986 2812 quos
1008 2734 1182 2811 praesentes
1208 2748 1279 2792 esse

143 2828 320 2912 contigerit,
330 2829 513 2912 judicatum
534 2828 626 2906 solvi,
647 2830 828 2894 cautionem
850 2829 910 2893 sub
932 2828 1091 2912 ypotheca
1112 2849 1219 2893 rerum
1238 2828 1280 2892 ad

143 2946 201 2990 nos
228 2932 262 2991 et
286 2927 532 3010 quibuscunque
561 2927 666 2990 causis
688 2927 954 3010 qualitercunque
982 2927 1179 3011 pertinentia
1207 2947 1279 3010 pro·

143 3025 304 3089 mittimus
326 3030 360 3089 et
382 3025 580 3108 exponimus.
626 3027 668 3088 In
691 3027 784 3109 cujus
805 3027 852 3090 rei
867 3026 1090 3090 testimonium
1105 3032 1279 3108 praesentes

144 3124 352 3206 impressione
367 3123 547 3186 communis
563 3123 661 3207 sigilli
676 3123 756 3187 dicti
771 3124 886 3187 Mon’ii
901 3130 934 3188 et
949 3124 1128 3187 munimine
1144 3125 1280 3188 fecimus

143 3221 289 3286 roborari
336 3223 458 3284 Datum
480 3222 515 3284 in
538 3221 709 3285 Monast'io
731 3227 841 3285 nostro
863 3222 950 3304 apud
964 3222 1122 3305 Whiteby
1136 3223 1182 3285 vii
1200 3223 1281 3288 Idus

143 3319 227 3385 Juiii
250 3320 289 3384 Α.
316 3320 355 3385 G.
379 3329 488 3385 M⁰ccc⁰
517 3319 843 3384 vicesimosecundo.
888 3321 931 3383 Et
957 3324 995 3381 ut
1024 3319 1093 3383 haec
1123 3320 1281 3385 ordinatio

144 3423 253 3482 nostra
281 3426 351 3482 rats
380 3419 432 3496 sit,
456 3417 581 3483 stabilis
610 3424 709 3501 atque
738 3416 839 3494 firmo,
864 3415 1056 3481 mandamus
1086 3436 1156 3480 eam
1183 3417 1282 3501 sigilli

144 3519 246 3583 nostri
261 3518 471 3602 impressione
485 3518 619 3603 dignari
664 3517 789 3581 Datum
803 3517 891 3600 apud
907 3516 1012 3600 Thorp
1028 3536 1125 3600 prope
1140 3516 1233 3581 Ebor.
1244 3515 1282 3579 iii

146 3618 224 3682 Idus
239 3620 262 3684 J
264 3619 323 3683 ulii
337 3620 376 3683 A
393 3620 432 3685 G.
447 3617 640 3702 supradicto,
654 3617 867 3682 Pontificatus
883 3616 984 3681 nostri
999 3616 1121 3701 quinto.

485 3853 610 3919 DOIII.
629 3852 819 3937 =(Melton,f.
838 3849 939 3935 239¹2.)

270 3975 508 4041 Paocmrmmo
523 3992 585 4040 rao
603 3992 726 4041 ennom
741 3976 913 4041 Moutouo
929 3993 972 4040 mr
987 3977 1158 4042 ernnr.

190 4115 384 4191 Willelmus,
408 4118 478 4190 etc,
503 4113 623 4178 dilecto
645 4113 721 4191 filio,
744 4113 883 4178 Officiali
913 4113 1141 4179 Archidiaconi
1167 4115 1284 4198 Clyve-

146 4213 231 4291 land,
254 4214 402 4289 salutem,
416 4213 553 4297 gratiam
576 4218 609 4277 et
631 4213 896 4278 benedictionem.
942 4214 1026 4279 Cum
1039 4220 1174 4279 vacante
1188 4213 1284 4278 Mon-

146 4313 263 4377 asterio
286 4312 325 4377 de
352 4312 517 4395 Whiteby,
542 4318 661 4376 nostrae
687 4312 867 4388 dioeceseos,
889 4334 946 4396 per
972 4313 1149 4377 cessionem
1175 4313 1283 4377 fratris

147 4411 277 4475 Thomae
300 4410 339 4475 de
362 4410 499 4488 Malton,
514 4410 624 4474 ultimi
638 4411 777 4475 Abbatis
799 4410 953 4493 ejusdem,
973 4411 1105 4475 fratrem
1128 4411 1281 4475 Thomam

147 4511 186 4575 de
216 4509 455 4594 Haukesgarth,
491 4509 571 4574 dicti
601 4509 716 4573 Mon'ii
752 4508 1026 4586 commonachum,
1056 4510 1092 4573 in
1120 4510 1282 4575 Abbatem
