2918 4980
343 508 616 562 CARTULARIUM
632 510 835 562 ABBATHIAE
854 512 903 562 Du
920 511 1108 564 WHITEBY.
1237 500 1296 559 431

160 671 277 736 wardis
293 679 326 736 et
341 694 426 738 omn.
444 675 600 738 eschaetis
616 696 688 760 quae
710 675 786 740 inde
809 676 951 740 accidere
973 682 1157 759 potueruut,
1171 686 1205 738 et
1227 696 1300 739 cum

158 788 244 834 omn.
260 770 375 848 boscis,
391 771 507 856 planis,
529 774 639 857 pratis,
662 775 812 857 pasturis,
834 775 942 850 moris,
963 775 1118 852 mariscis,
1140 773 1302 849 turbariis,

157 870 262 952 aquis,
286 871 431 947 vivariis,
452 872 608 956 piscariis,
634 874 707 951 viis,
729 874 864 951 semitis,
885 883 919 938 et
941 894 1024 938 omn.
1046 873 1118 938 aliis
1144 874 1248 949 rebus,
1265 873 1301 935 in

160 968 412 1052 quibuscunque
438 968 637 1053 (78b)100is‚
663 971 704 1035 ad
730 971 825 1056 praed.
849 993 969 1036 maner.
988 972 1101 1056 procul
1123 977 1179 1036 aut
1202 991 1301 1055 prope

159 1067 287 1148 pertin,
313 1068 383 1132 sine
405 1069 473 1133 ullo
495 1071 908 1136 retenemento-Habend.
933 1078 967 1136 et
992 1079 1056 1136 teu.
1082 1072 1146 1135 sibi
1170 1079 1203 1135 et
1227 1070 1302 1133 haer.

160 1165 229 1230 suis
246 1165 286 1231 dc
301 1187 386 1252 corp.
401 1188 459 1232 suo
475 1168 535 1253 leg.
553 1190 654 1253 procr.
669 1171 813 1255 imperp„
828 1192 902 1235 cum
917 1192 1001 1236 omn.
1016 1171 1233 1246 libertatibus,
1246 1170 1303 1234 lib.

159 1266 459 1347 consuetudinibus,
484 1269 775 1346 commoditatibus,
805 1277 839 1335 et
868 1291 952 1335 omn.
978 1269 1052 1334 aliis
1080 1269 1231 1354 proficuis
1261 1268 1302 1332 ad

159 1365 352 1448 praedictum
376 1367 442 1431 ullo
464 1368 560 1432 modo
582 1377 672 1452 pert,
687 1370 727 1433 de
749 1370 878 1434 Abbate
901 1376 934 1434 et
958 1370 1057 1434 Oonv.
1075 1369 1115 1434 de
1136 1369 1303 1451 Whiteby,

161 1465 292 1550 capital.
320 1464 402 1530 d’nis
427 1467 507 1531 dieti
536 1469 682 1545 manerii,
706 1469 852 1534 faciendo
879 1469 999 1534 eisdem
1024 1475 1057 1534 et
1083 1489 1192 1534 eorum
1218 1489 1301 1533 succ.

160 1583 244 1628 serv.
259 1573 414 1630 consucta
429 1573 463 1631 et
477 1566 587 1631 debita
601 1588 673 1651 quae
688 1588 745 1652 ego
761 1568 794 1631 N
795 1568 941 1632 icholans
957 1576 990 1632 et
1007 1575 1223 1633 antecessores
1238 1567 1303 1632 mei

160 1683 220 1747 pro
235 1664 330 1747 prad
346 1672 531 1730 tenemento
546 1667 650 1731 facere
662 1668 897 1732 consuevimus.
941 1669 984 1731 Et
995 1666 1024 1731 si
1035 1669 1202 1752 contingat
1216 1667 1303 1751 quod

160 1763 257 1846 praed.
289 1763 473 1848 Stephanus
503 1766 574 1830 61116
603 1765 729 1830 haerede
762 1768 814 1830 sui
843 1767 984 1851 corporis
1014 1767 1178 1844 moriatur,
1207 1766 1302 1850 praed.

161 1860 344 1926 manerium
359 1883 433 1926 oum
449 1884 533 1927 omn.
550 1870 583 1929 et
594 1865 730 1948 singulis
746 1865 850 1929 eidem
861 1865 1004 1929 manerio
1014 1865 1129 1949 pertin.
1141 1865 1302 1949 praedictis

161 1960 287 2024 Abbati
301 1968 334 2025 et
350 1962 459 2040 Gonv,
474 1970 511 2026 111
526 1964 711 2028 eschaetum
727 1985 831 2041 suum,
847 1966 882 2027 in
902 1985 988 2048 perp.
1006 1964 1191 2028 remanebit.
1236 1964 1303 2048 Ego

161 2080 249 2138 vero,
264 2059 453 2140 Nicholaua,
467 2069 501 2126 et
515 2062 589 2126 baer.
605 2064 670 2127 mei
692 2084 767 2127 war.
787 2064 882 2148 praed.
907 2063 1071 2147 Stephano
1092 2063 1214 2127 6111661.
1236 2063 1303 2127 61116

161 2159 204 2224 de
219 2180 302 2244 corp.
319 2181 376 2224 sno
392 2160 450 2245 leg.
466 2181 564 2244 procr.
581 2163 675 2246 praed.
692 2184 785 2240 man,
808 2184 882 2227 cum
902 2184 984 2227 omn.
1001 2163 1203 2247 supradictis,
1218 2170 1251 2227 et
1265 2183 1304 2226 ea

161 2258 234 2343 adq.
251 2265 285 2322 61
298 2258 359 2323 def.
377 2268 488 2324 contra
503 2281 585 2325 omn.
602 2261 685 2325 hom.
702 2271 736 2327 et
751 2263 824 2327 fem.
841 2263 1087 2347 imperpetuum
1125 2263 1167 2325 Et
1182 2261 1303 2326 11111666

161 2378 237 2423 mea
258 2360 389 2424 donatio
412 2365 445 2424 et
467 2361 637 2438 concessio,
652 2362 808 2426 warentia
827 2366 860 2426 et
877 2382 966 2445 praes.
983 2368 1079 2425 cartre
1102 2360 1303 2426 confirmatio

160 2464 328 2543 perpetuae
350 2459 512 2524 firmitatis
535 2461 631 2525 robur
652 2460 770 2525 habeat
791 2461 826 2524 in
848 2462 1003 2538 futurum,
1017 2482 1108 2545 praes.
1124 2483 1148 2526 c.
1166 2462 1221 2546 sig.
1238 2462 1303 2525 mei

161 2558 366 2642 appositione
395 2560 548 2624 roboravi
605 2560 760 2624 Testibus.
806 2561 890 2624 D’no
920 2561 1085 2624 Willelmo
1115 2561 1155 2625 de
1185 2561 1301 2626 Roscll.

162 2657 332 2722 Willelmo
357 2658 397 2722 de
423 2659 539 2724 Everle
560 2658 599 2724 de
626 2659 842 2744 Ugelbardby.
886 2660 1031 2725 Waltero
1054 2660 1094 2724 de
1115 2661 1302 2744 Dunseley:

161 2764 199 2822 et
213 2756 294 2853 aliis

594 2980 878 3047 OOOOLXXVII.

209 3157 282 3241 (79)
308 3157 401 3222 Omn
431 3156 553 3221 Christi
578 3156 663 3220 fidel.
691 3156 774 3220 hano
799 3176 823 3219 e.
849 3153 985 3219 vis.ch
1012 3154 1094 3231 aud,
1118 3154 1302 3238 Stephanus

163 3256 332 3335 Belbarbe,
346 3256 402 3321 sal.
419 3257 454 3320 in
469 3256 560 3320 D’no.
598 3255 630 3318 N
631 3255 762 3319 overitis
778 3275 829 3318 me
845 3275 941 3330 conc,
955 3254 1071 3330 1611116,
1086 3260 1119 3318 61
1130 3274 1181 3336 qu.
1195 3253 1232 3317 cl.
1245 3275 1303 3338 pro

164 3376 217 3420 me
233 3361 266 3420 et
280 3356 354 3420 haer.
371 3356 461 3432 meis,
475 3356 546 3420 Deo
562 3360 595 3419 et
605 3354 689 3419 Ecch
707 3355 737 3419 S.
754 3353 842 3418 Petri
856 3360 889 3417 et
905 3353 934 3416 S.
952 3353 1062 3417 Hildae
1084 3353 1123 3416 de
1138 3352 1304 3436 Whiteby,

164 3454 288 3520 Abbati
303 3454 403 3539 ejusd.
419 3455 482 3519 loci
497 3460 530 3519 et
544 3454 711 3518 monachis
726 3453 803 3518 ibid.
827 3453 896 3517 Deo
912 3473 991 3518 serv.
1007 3459 1041 3517 et
1055 3452 1187 3536 imperp.
1203 3453 1302 3516 servi-

164 3554 257 3630 turis,
271 3559 377 3618 totum
389 3555 445 3637 jus
460 3559 493 3617 et
508 3553 546 3617 61
561 3553 647 3638 quod
662 3553 763 3617 habui
778 3553 831 3616 vel
852 3553 924 3616 hab.
940 3552 1034 3636 potui
1048 3553 1083 3615 in
1105 3552 1248 3615 manerio
1264 3552 1304 3616 de

165 3653 382 3739 Haukesgart,
418 3674 493 3717 cum
522 3673 605 3717 omn.
636 3660 714 3735 pert.
745 3653 931 3716 suis—Ten.
967 3657 1000 3716 et
1037 3651 1107 3714 hab.
1142 3651 1302 3734 praedictis

165 3752 288 3816 Abbati
302 3760 336 3817 et
352 3752 460 3828 Oonv,
475 3758 509 3816 et
522 3751 607 3815 Eccl.
623 3771 689 3815 suae
711 3750 816 3834 praed,
831 3751 866 3814 in
881 3750 944 3827 lib,
960 3771 1038 3833 pur,
1053 3757 1084 3814 et
1100 3770 1186 3834 perp.
1203 3750 1303 3818 elem..

166 3872 241 3916 cum
257 3871 340 3915 omn
357 3856 436 3935 pert.
453 3851 529 3926 suis,
545 3851 629 3914 infra
644 3871 672 3912 v.
690 3857 722 3913 61
738 3857 837 3925 extra,
852 3870 950 3933 prope
966 3857 999 3913 et
1016 3848 1136 3933 procul,
1151 3850 1220 3913 sine
1235 3849 1303 3913 ullo

166 3957 276 4028 roten,
291 3952 530 4033 imperpetuum
545 3949 656 4026 :-Ita,
673 3948 777 4024 videL,
786 3948 874 4032 quod
889 3969 947 4012 nec
962 3968 1021 4032 ego
1036 3948 1229 4032 Stephanus,
1244 3969 1303 4012 nec

166 4049 330 4127 1116111161,
352 4049 476 4133 aliquid
494 4049 548 4132 jus
564 4047 617 4111 vel
640 4048 676 4112 cl.
696 4047 731 4111 in
753 4047 842 4111 dicto
864 4068 959 4124 man,
973 4068 1047 4111 cum
1069 4053 1148 4130 pert.
1172 4048 1248 4124 suis,
1264 4047 1304 4113 de

166 4155 281 4214 caetero
296 4149 423 4233 exigere
445 4148 498 4212 vel
513 4147 606 4212 vend.
623 4148 807 4231 poterimus.
854 4148 895 4211 In
917 4147 1009 4230 cujus
1023 4167 1046 4209 r.
1063 4151 1135 4210 1661
1159 4146 1235 4210 huic
1257 4169 1302 4231 pr.

166 4268 223 4314 scr.
255 4249 311 4333 aig.
342 4269 451 4313 mcum
481 4247 624 4332 apposui
670 4247 747 4310 Hiis
777 4247 924 4311 testibus.
980 4247 1075 4310 Petro
1102 4246 1142 4311 dc
1169 4247 1304 4332 Faceby.

165 4348 333 4413 Willelmo
349 4348 502 4413 Hermen.
549 4346 714 4411 Willelmo
737 4346 777 4411 de
791 4347 885 4411 Aula
932 4347 1072 4430 Symone
1090 4346 1129 4410 de
1145 4346 1305 4412 Sartriuo:

166 4452 201 4511 et
215 4447 296 4511 aliis.
