2918 4980
345 490 616 544 cnarnmnrcu
633 489 836 546 aassrnnn
855 490 905 542 rm
921 489 1108 541 warranti.
1231 478 1293 537 ata
1423 456 1428 464 ’

157 656 351 720 liberalitate
373 656 491 720 nostris
513 654 700 720 Venerabili
715 655 751 718 in
767 654 897 719 Christo
911 653 1006 737 patri,
1021 651 1184 717 Willelmo
1198 653 1238 716 D.
1255 654 1294 719 G.

157 755 250 819 Ebor.
265 755 437 840 Archiep'o
449 760 507 820 etc.
520 760 552 819 et
564 755 632 819 suis
644 753 891 829 successoribus,
901 752 986 816 Ecol„
999 752 1093 816 Ebor.
1105 751 1295 835 Archiep’is,

157 854 193 917 in
214 875 324 918 annua
344 854 500 937 pensione
522 862 594 919 octo
616 873 797 917 marcarum
811 851 1038 916 solvendarum
1053 850 1222 935 Archiep’o
1237 852 1295 935 qui

157 972 216 1035 pro
230 960 374 1036 tempore
388 953 488 1017 fuerit
502 953 538 1015 in
552 972 639 1036 perp.
655 952 691 1015 in
706 950 799 1016 festis
815 951 906 1014 Pent.
919 956 952 1014 et
963 950 993 1015 S.
1008 949 1145 1014 Martini
1155 950 1191 1014 in
1200 970 1295 1034 yeme

158 1051 253 1115 annis
267 1051 406 1135 singulis
420 1072 478 1135 per
492 1051 655 1135 portiones
669 1049 818 1133 aequales,
834 1056 866 1113 et
881 1048 928 1113 sic
943 1049 1033 1112 omni
1047 1069 1133 1113 anno
1147 1048 1184 1112 in
1197 1068 1296 1133 perp,

158 1148 244 1232 apud
281 1150 384 1225 Ebor,
413 1149 449 1213 in
478 1148 816 1232 recompensationem,
845 1147 1071 1211 allocationem
1100 1167 1159 1212 seu
1187 1146 1294 1211 subla·

158 1246 280 1311 tionem
301 1247 443 1312 Iasionis
462 1247 546 1330 juris
568 1246 664 1331 praed
680 1246 757 1309 D’ni
774 1245 945 1330 Archiep’i,
959 1245 1046 1311 llccl
1062 1265 1128 1309 snae
1143 1246 1246 1323 Ebor,
1261 1254 1295 1310 et

158 1364 241 1409 suco.
256 1365 387 1409 suorum
402 1346 536 1430 imperp.
548 1346 576 1409 si
591 1365 655 1429 qua
670 1351 827 1420 causetur,
838 1343 983 1421 resultet,
993 1344 1045 1419 eit,
1058 1344 1126 1408 sive
1141 1350 1296 1430 sequatur

159 1465 200 1508 ex
214 1445 473 1529 appropriatione
488 1443 641 1508 Ecclesiae
656 1443 695 1507 de
710 1443 820 1508 Semer
834 1463 901 1508 suae
915 1443 1008 1507 Ebor.
1024 1443 1184 1509 dioceseos
1201 1445 1294 1508 nobis

160 1543 252 1608 facta
298 1544 339 1606 In
364 1545 457 1626 cujus
481 1563 505 1609 r.
528 1551 550 1608 t
572 1543 630 1627 sig.
653 1562 823 1606 commune
849 1542 926 1624 (lap.
950 1542 1052 1606 nostri
1080 1543 1294 1626 praesentibus

159 1643 374 1725 apposuimus.
418 1645 543 1707 Datum
568 1641 656 1725 apud
682 1640 837 1725 Whiteby
862 1642 991 1704 xxviim⁰
1013 1641 1066 1705 die
1088 1643 1207 1707 mensis
1229 1644 1294 1708 De·

160 1742 295 1807 cambris
310 1743 349 1806 A.
365 1743 405 1806 D.
421 1749 530 1806 rr⁰ccc⁰
547 1740 697 1807 vicesimo
712 1740 816 1804 tertio.

668 1915 781 2002 (Ita.)

202 2065 398 2142 Willelmus,
420 2065 460 2130 D.
484 2064 523 2131 G.
545 2065 639 2130 Ebor.
655 2063 845 2147 Archiep'us
860 2069 929 2141 etc,
944 2064 1103 2149 Magistro
1118 2066 1240 2151 Rogero
1255 2069 1295 2134 de

159 2164 224 2240 Ar,
253 2165 405 2241 Diacono,
435 2184 469 2241 s,
494 2185 538 2247 gr.
569 2169 602 2228 et
626 2163 892 2228 benedictionem.
936 2164 989 2228 Ad
1015 2167 1294 2246 presentationem

161 2264 261 2347 Relig.
284 2263 435 2339 virorum,
456 2263 593 2327 Abbatis
615 2268 648 2326 et
664 2262 763 2327 Gonu.
779 2261 893 2324 Mon'ii
916 2262 956 2327 de
975 2262 1141 2348 Whiteby,
1164 2265 1232 2350 [te]
1256 2266 1295 2331 de

160 2364 252 2445 cujus
278 2363 401 2427 meritis
427 2369 461 2427 et
483 2362 660 2426 virtutibus
682 2361 841 2426 sinceram
864 2360 1016 2426 fiduciam
1037 2362 1230 2442 obtinemus,
1254 2364 1296 2429 ad

160 2461 312 2525 vicariam
324 2461 398 2526 eccl.
411 2461 450 2525 de
463 2462 582 2537 Semer,
593 2466 711 2526 nostrae
721 2460 890 2537 dioceseos,
901 2466 1080 2540 vacantem,
1090 2463 1233 2528 caritatis
1245 2464 1295 2527 in-

161 2561 248 2623 tuitu
263 2560 466 2624 admittimus
482 2565 514 2624 et
528 2559 685 2624 vicarium
703 2566 904 2643 perpetuum,
920 2580 994 2624 cum
1009 2580 1104 2625 onere
1119 2563 1296 2645 personalis

161 2659 350 2735 residentiae,
361 2660 458 2742 juxta
472 2658 608 2723 formam
623 2659 864 2723 constitutionis
880 2658 991 2743 Legati
1006 2678 1102 2742 super
1116 2659 1177 2725 hoc
1192 2661 1297 2740 editae,

160 2757 362 2821 instituimus
372 2757 522 2821 canonice
533 2757 568 2820 in
580 2757 698 2822 eadem.
725 2757 815 2821 Vale.
842 2759 963 2821 Datum
973 2756 1009 2820 in
1021 2757 1173 2841 Hospitio
1188 2765 1297 2824 nostro

160 2877 259 2939 prope
280 2857 612 2933 Westmonasterium,
634 2877 656 2920 v
677 2856 756 2919 Idus
772 2856 894 2933 Martii,
909 2859 946 2920 A.
961 2877 1005 2942 gr.
1021 2865 1129 2922 u⁰ccc⁰
1144 2858 1296 2924 vicesimo

160 2957 265 3031 terti0,
279 2961 312 3020 et
327 2956 444 3019 Pontif.
460 2955 562 3019 nostri
576 2955 722 3037 septimo.

205 3055 303 3117 Mem.
326 3053 413 3136 quod
438 3052 560 3116 eisdem
585 3052 638 3115 die
663 3058 697 3116 et
721 3051 791 3115 loco
814 3052 969 3134 scriptum
985 3051 1048 3115 init
1061 3053 1297 3121 Archidiaoono

162 3155 221 3217 Est
236 3151 356 3233 Riding
371 3150 424 3213 vel
438 3153 507 3232 ejus
520 3149 661 3214 Officiali
674 3150 716 3213 ad
730 3149 949 3214 inducendum
959 3150 1083 3214 dictum
1094 3153 1298 3236 Magistrum,

162 3250 214 3313 vel
238 3255 473 3331 procuratorem
496 3268 591 3311 suum
614 3248 686 3330 ejus
706 3247 845 3322 nomine,
862 3247 898 3308 in
920 3248 1076 3329 corporali
1098 3253 1296 3331 possessione

163 3349 257 3411 diotae.
274 3347 400 3410 vicariae
415 3366 488 3408 eum
504 3347 571 3409 suis
582 3345 710 3429 juribus
726 3352 759 3409 et
774 3345 982 3427 pertinenciis
996 3345 1162 3410 universis.

513 3583 632 3648 norv.
649 3582 799 3666 (Meleon,
811 3582 832 3646 f.
851 3577 951 3662 rear.)

207 3733 453 3800 Memorandum
476 3732 563 3816 quod
585 3732 634 3795 iiii
657 3729 794 3795 Kalend.
818 3729 943 3813 Aprilis
965 3730 1011 3793 A⁰
1025 3729 1065 3792 D.
1081 3738 1190 3795 M⁰ccc⁰
1204 3733 1298 3798 trice-

164 3835 243 3897 simo
259 3834 404 3916 septimo,
420 3830 507 3914 apud
519 3829 663 3905 Oawode,
675 3828 835 3892 Dominus
850 3827 940 3892 dedit
954 3827 1118 3892 licentiam
1129 3829 1249 3894 Abbati
1265 3837 1298 3896 et

165 3934 263 3997 Oonv.
293 3932 333 3995 de
359 3930 514 4013 Whiteby
540 3929 626 4012 quod
656 3928 726 4011 ipse
755 3927 858 4010 possit
878 3927 1018 3992 vendere
1047 3933 1081 3992 et
1105 3929 1147 3993 ad
1171 3931 1297 3995 {irruam

163 4032 324 4095 dimittere
354 4031 477 4094 fructus
500 4028 650 4092 villarum
676 4027 716 4091 de
742 4025 876 4111 Cayton,
903 4026 1063 4110 Osgodby,
1089 4027 1235 4111 Depdale
1264 4036 1298 4095 et

165 4129 353 4212 Kilwardby
369 4129 452 4191 infra
467 4127 650 4210 parochiam
665 4125 806 4190 ecclesiae
821 4126 861 4189 de
885 4124 994 4189 Semar
1014 4127 1159 4208 personis
1173 4127 1297 4194 idoneis

164 4279 258 4345 biebop
277 4279 304 4329 of
322 4284 377 4330 two
395 4277 531 4343 cbaplains
549 4280 577 4327 to
589 4291 665 4326 serve
678 4274 707 4325 in
719 4273 765 4326 the
777 4273 878 4339 Cbapel
890 4273 918 4323 oi
935 4273 961 4324 S.
976 4273 1053 4338 Mary
1066 4273 1118 4323 and
1131 4272 1157 4325 S.
1173 4273 1258 4325 Elena
1270 4275 1296 4325 in

165 4363 323 4427 Wykebam,
335 4365 452 4412 extracts
471 4360 539 4409 from
551 4358 639 4410 which
656 4356 815 4417 ordination,
834 4356 888 4407 aud
907 4359 981 4407 notes
994 4371 1027 4406 on
1046 4355 1076 4417 it,
1092 4355 1146 4406 will
1162 4357 1195 4407 be
1214 4358 1297 4410 found

165 4446 192 4495 in
205 4446 255 4497 No.
271 4446 348 4504 603Δ,
366 4441 544 4507 immediately
557 4441 704 4507 preceding.
1221 4474 1224 4479 .
