2918 4980
305 456 575 510 CARTULARIUM
594 458 798 509 ABBATHIAE
816 457 864 509 Da
882 457 1068 509 WHITEBY.
1191 447 1253 505 483

116 621 328 705 apposuimus
340 646 348 702 ;
371 621 472 687 altera
494 644 569 687 vero
590 628 683 706 parte
705 621 810 707 sigillo
833 622 977 706 ejusdem
1000 622 1161 688 Johannis
1181 641 1256 685 con-

117 721 252 804 signata.
297 724 421 787 Datum
436 722 523 806 apud
538 723 705 806 Whiteby,
719 723 754 785 in
770 722 790 786 f.
812 722 842 786 S.
867 722 1037 786 Michaelis
1053 721 1256 805 Archangeli,

118 820 200 884 AD.
223 820 397 885 millesimo
420 830 512 886 ccc¹¹²⁰
534 821 800 905 quinquagesimo
823 827 944 898 octava
967 828 1000 884 et
1020 842 1043 884 r.
1071 820 1169 905 Regis
1190 820 1255 883 Ed-

118 919 220 983 wardi
235 920 325 983 tertii
341 940 359 982 a
375 920 563 1004 Conquestu
578 920 761 984 tricesimo¹
777 918 927 984 secundo.

663 1203 728 1267 DL.

164 1352 288 1418 Placita
309 1352 397 1436 apud
411 1352 588 1416 Westmon.
612 1371 717 1415 coram
741 1350 879 1414 Roberto
901 1350 941 1414 de
959 1350 1093 1433 Thorpe,
1109 1358 1141 1416 et
1163 1350 1257 1414 sociis

119 1452 197 1528 suis,
219 1452 382 1517 Justiciar.
413 1451 490 1514 D'ni
512 1450 607 1534 Regis
634 1449 673 1513 de
701 1450 817 1525 Banco,
840 1450 1036 1514 determino
1059 1450 1089 1513 S.
1117 1448 1258 1523 Hillarii‚

120 1552 158 1617 A
174 1572 198 1616 r.
217 1551 313 1635 Regis
335 1549 486 1614 Edwardi
508 1549 598 1613 tertii
619 1570 639 1612 a
662 1550 848 1632 Conquestu
870 1549 1029 1613 tricesimo
1052 1547 1256 1613 tertio—Ro,

119 1651 202 1716 cclx.

165 1782 272 1868 (145b)
295 1783 432 1848 Thomas
448 1782 488 1848 de
502 1782 676 1867 Pikeryng,
692 1783 830 1846 Persona
852 1782 926 1846 eccl,
943 1782 982 1846 de
1004 1783 1140 1846 Suttona
1163 1803 1259 1866 super

121 1885 284 1961 Derwent,
304 1904 463 1946 summan.
481 1883 545 1946 fuit
567 1883 607 1945 ad
631 1882 889 1965 respondendum
910 1882 1032 1945 Abbati
1047 1882 1086 1946 de
1101 1882 1256 1965 Whiteby

120 1985 160 2049 de
175 1984 295 2068 placito
310 1983 396 2067 quod
411 1982 525 2046 reddat
539 1983 568 2046 ei
583 1982 701 2065 viginti
716 1982 834 2045 solidos
850 1981 907 2064 qui
925 1981 954 2044 ei
977 2002 996 2044 a
1013 1987 1097 2045 retro
1119 1988 1196 2045 srmt
1218 1980 1257 2046 de

120 2104 228 2148 annuo
250 2083 381 2147 redditu
404 2102 460 2145 sex
484 2082 539 2170 sol.
563 2090 596 2145 et
618 2089 690 2145 octo
713 2082 794 2157 den,
816 2101 912 2164 quem
938 2081 968 2144 ei
990 2080 1093 2156 debet,
1111 2088 1169 2145 etc.
1215 2081 1259 2144 Et

120 2183 207 2247 unde
221 2184 307 2247 idem
325 2182 443 2258 Abbas,
457 2202 515 2264 per
524 2180 728 2244 Willelmum
744 2181 784 2245 de
801 2180 913 2256 Swale,
928 2186 1044 2245 attam,
1060 2201 1164 2257 suum,
1179 2180 1258 2244 dicit

120 2282 296 2367 quodcum
319 2283 388 2364 ipse
407 2281 536 2345 seisitns
559 2280 672 2344 fuisset
695 2280 734 2343 de
755 2301 861 2343 annuo
881 2280 1009 2344 redditu
1032 2280 1137 2363 praed,
1158 2286 1197 2342 ut
1218 2280 1257 2343 de

116 2383 191 2466 jure
205 2381 290 2445 Eccl
309 2402 375 2445 sure
393 2380 423 2443 S.
439 2379 550 2443 Hildae
565 2380 604 2443 de
620 2379 785 2462 Whitehy,
799 2399 857 2461 per
872 2400 987 2443 manus
1010 2380 1104 2462 praed.
1127 2379 1257 2444 Thomae

120 2500 208 2544 nunc
237 2480 393 2555 Personae,
416 2485 485 2555 cta,
511 2485 551 2554 et,
578 2483 653 2542 ante
678 2477 785 2560 ipsum
811 2498 898 2542 nunc
924 2479 1095 2555 Abbatem,
1121 2479 1258 2562 quilibet

120 2579 232 2643 Abbas
243 2578 306 2642 loci
320 2577 476 2661 praedicti,
485 2576 696 2660 praedecessor
711 2578 812 2659 ipsius
822 2599 909 2641 nunc
920 2578 1066 2655 Abbatis,
1078 2578 1117 2643 de
1131 2579 1258 2643 Abbate

120 2679 156 2741 in
171 2678 332 2742 Abbatem
356 2698 375 2740 a
397 2684 540 2760 tempore
555 2697 619 2759 quo
635 2697 698 2739 non
717 2682 806 2740 extat
825 2678 987 2753 memoria,
1001 2678 1130 2742 scisitus
1146 2679 1259 2742 fuisset

120 2777 160 2842 de
175 2797 249 2840 ann.
264 2776 350 2840 redd.
366 2775 463 2858 praed.
479 2796 536 2859 per
551 2795 666 2838 manus
687 2795 895 2858 personarum
911 2777 984 2840 eccl.
1001 2777 1106 2860 praed,
1122 2777 1178 2860 qui
1200 2798 1258 2860 pro

119 2882 263 2959 tempore
289 2875 419 2951 fuerint,
444 2894 547 2957 usque
569 2880 634 2937 tres
657 2873 779 2937 annos⁴²
804 2883 879 2939 ante
909 2876 993 2939 diem
1024 2875 1258 2959 impetrationis

120 2975 227 3038 brevis
257 2972 430 3048 sui-scil,
456 2973 644 3036 vicesimum
674 2972 759 3036 diem
789 2973 988 3050 Novembris,
1014 2996 1097 3038 anno
1128 2996 1150 3038 r.
1180 2974 1257 3037 D'ni

120 3073 216 3158 Regis
228 3093 314 3136 nunc
324 3072 451 3156 Angliae
466 3071 627 3135 tricesimo
643 3072 789 3147 secundo,
802 3073 887 3155 quod
902 3073 997 3155 praed.
1009 3074 1156 3149 Thomas,
1171 3094 1257 3137 nunc

119 3173 270 3248 Persona,
285 3192 357 3234 ann.
373 3170 458 3235 redd.
475 3171 570 3254 praed.
587 3169 616 3234 ei
631 3170 792 3234 subtraxit
814 3179 847 3234 et
869 3171 963 3234 illum
986 3172 1015 3236 ei
1037 3172 1168 3235 reddere
1183 3192 1257 3235 con-

119 3270 255 3335 tradixit
278 3277 311 3335 et
331 3270 437 3333 adhuc
459 3269 657 3344 contradicit,
679 3268 765 3332 unde
788 3269 867 3332 dicit
889 3270 975 3353 quod
997 3270 1134 3335 deterior
1155 3277 1204 3334 est
1226 3277 1258 3351 et

120 3369 299 3453 dampnum
314 3369 412 3431 hahet
423 3367 463 3430 ad
478 3367 621 3430 valorem
637 3374 767 3430 centum
783 3368 966 3444 solidorum,
978 3376 1010 3432 et
1025 3370 1099 3432 inde
1110 3369 1258 3451 producit

120 3475 250 3543 sectam,
265 3474 324 3532 etc.

164 3566 208 3629 Et
222 3565 369 3641 Thomas,
379 3585 437 3647 per
451 3564 606 3629 Thomam
618 3565 657 3628 de
672 3564 823 3628 Ellerbek
839 3571 1036 3630 attornatum
1048 3567 1141 3650 (146)
1153 3587 1258 3644 suum,

120 3664 211 3729 venit
235 3671 269 3729 et
293 3664 440 3728 defendit
462 3664 528 3726 vim
551 3670 584 3727 et
609 3663 760 3746 injuriam
782 3664 910 3746 quando
929 3673 998 3741 etc,
1016 3672 1048 3729 et
1071 3664 1257 3749 dicitquod

119 3765 190 3847 ipse
210 3763 336 3827 invenit
358 3763 433 3827 eccl.
449 3783 540 3826 suam
558 3762 654 3845 praed.
672 3762 712 3825 de
733 3762 829 3845 praed.
849 3784 921 3827 ann.
944 3765 1030 3829 redd.
1046 3773 1259 3843 exoneratam,

120 3871 154 3927 ct
180 3862 371 3945 dicitquod
397 3861 466 3944 ipse
496 3861 570 3925 eccl
597 3860 688 3923 illam
718 3861 787 3924 sine
817 3862 1065 3946 Archiepiscopo
1094 3865 1197 3941 Ebor,
1226 3872 1258 3929 et

121 3964 144 4028 J
145 3962 272 4025 ohanne
287 3960 454 4044 Moubray,
463 3961 537 4025 eccl.
547 3960 709 4044 praedictae
717 3968 861 4043 patrone,
872 3963 911 4027 de
923 3964 1050 4028 redditu
1060 3965 1155 4048 praed.
1167 3986 1257 4029 oner-

120 4082 173 4126 are
189 4081 255 4125 non
270 4068 394 4144 potest;
416 4068 449 4124 et
471 4062 554 4144 petit
570 4061 682 4145 [quod]
700 4062 857 4125 auxilium
881 4063 921 4127 de
943 4065 989 4127 eis
1011 4063 1135 4129 habeat.
1180 4065 1258 4128 Ideo

120 4161 183 4244 ipsi
199 4181 355 4245 summon.
369 4169 438 4237 etc,
450 4161 534 4244 quod
550 4162 616 4225 sint
630 4161 684 4224 hic
695 4182 714 4224 a
725 4162 777 4226 die
789 4162 920 4226 Paschae
932 4164 966 4226 in
978 4171 1043 4228 tres
1054 4164 1257 4248 septimanas,

119 4282 178 4346 per
203 4261 319 4326 Justic.
346 4260 388 4325 ad
414 4261 623 4343 respondend.
649 4261 746 4325 simul
772 4269 831 4327 etc.
877 4262 969 4327 Idem
995 4264 1062 4327 dies
1088 4262 1183 4326 datus
1208 4270 1258 4326 est

185 4409 192 4443 ¹
213 4413 403 4472 nimenta—an
416 4411 528 4462 obvious
540 4411 592 4478 slip
603 4410 631 4460 ol
644 4410 689 4461 the
704 4426 759 4475 pen
1022 4409 1150 4464 ²caanos.
