2918 4980
350 439 623 494 CARTULARlUM
641 441 845 494 ABBATHIAE
863 443 912 493 DE
930 441 1119 494 WHITEBY.
1237 430 1294 488 36]

164 603 378 681 Conventum,
392 625 451 669 nec
467 625 576 670 eorum
599 626 803 682 successores,
818 606 858 671 de
873 615 987 671 caetero
1002 605 1220 689 calumpniare
1241 624 1299 668 seu

161 699 341 783 inquietare
367 703 561 787 poterimus;
589 710 639 768 set
660 724 712 768 me
735 709 767 768 et
789 704 864 768 haer.
886 725 973 768 meos
996 705 1036 767 ab
1059 703 1147 767 omni
1173 702 1299 767 actione

162 798 289 863 eosdem
304 800 466 865 Abbatem
489 807 522 865 et
544 803 749 866 Conventum
770 803 846 867 inde
868 801 1099 886 perturbandi¹
1122 803 1162 866 de
1184 807 1299 865 caetero

162 897 229 960 fore
244 898 390 963 exclusos
412 899 514 963 fateor
532 920 588 983 per
602 908 795 983 praesentes3
818 900 908 964 salva
929 920 1054 983 semper
1069 900 1190 964 eisdem
1212 919 1298 963 com·

162 1019 261 1062 muna
276 1005 416 1082 pasturae
430 1000 530 1064 libero
552 1004 737 1063 tenemento
752 1000 926 1063 eorundem
948 1000 984 1062 in
1000 999 1111 1063 eadem
1126 998 1206 1062 villa
1227 1018 1298 1081 per-

162 1097 294 1163 tinente.
341 1099 382 1162 ln
397 1100 489 1181 cuijus
504 1099 551 1162 rei
565 1104 637 1162 test.
654 1118 743 1181 praes.
760 1118 818 1162 scr.
834 1099 891 1182 sig.
908 1118 1016 1162 meum
1033 1098 1176 1181 apposui.
1222 1097 1297 1160 Hiis

162 1197 306 1261 testibus,
351 1197 501 1263 Johanne
524 1197 563 1261 de
585 1196 692 1261 Eure.²
735 1196 903 1260 Willelmo
919 1197 1088 1280 Moubray.
1133 1196 1298 1260 Willelmo

162 1294 229 1359 filio
251 1296 384 1360 Roberti
406 1296 446 1361 de
467 1296 653 1379 Nunthorp.
697 1295 864 1360 Willelmo
887 1296 927 1359 de
949 1296 1108 1360 Mortona.
1152 1295 1297 1360 Waltero

162 1395 257 1459 Iane.
302 1394 473 1479 Radulpho
489 1395 631 1475 Clerico;
653 1401 686 1460 et
701 1395 781 1459 aliis.
826 1395 950 1460 Datum
966 1395 1052 1478 apud
1067 1394 1230 1476 Whiteby‚
1245 1393 1298 1459 die

161 1491 321 1557 dominica
345 1495 494 1577 proxime
521 1501 595 1577 post
623 1494 643 1557 f.
677 1494 706 1556 S.
735 1493 870 1557 Martini
893 1494 928 1556 in
957 1494 1083 1576 hyeme,
1106 1493 1144 1556 Α
1177 1492 1298 1557 Gratiae

162 1591 333 1657 millesimo
348 1593 571 1658 trecentesimo
586 1592 782 1657 duodecimo.

650 1778 818 1844 cccclv.

206 1912 270 1997 (4l)
285 1915 444 1979 Noverint
465 1915 609 1980 universi
630 1935 719 1999 praes.
743 1936 801 1978 scr.
820 1915 1054 1999 cyrografatum
1076 1915 1134 1979 vis.
1151 1914 1203 1979 vel
1225 1915 1299 1980 aud.

161 2015 257 2097 quod,
272 2035 345 2078 cum
367 2035 433 2099 ego,
449 2014 613 2079 Galfridus
636 2015 675 2079 de
698 2014 818 2090 Rosels,
833 2014 919 2077 filius
934 2013 1092 2078 Willelmi
1115 2014 1154 2078 de
1177 2014 1299 2090 Rosels,

163 2113 286 2190 militis,
300 2114 423 2178 dudum
443 2114 651 2177 concesserim
674 2120 707 2178 et
722 2113 866 2177 dederim
881 2113 1051 2197 Religiosis
1071 2113 1158 2189 viris,
1177 2114 1300 2177 Abbati

160 2219 193 2276 et
216 2211 315 2277 Gonu.
330 2213 370 2278 de
384 2213 549 2296 Whiteby,
564 2234 768 2277 communam
789 2220 928 2296 pasturae
949 2213 1070 2296 ubique
1091 2212 1128 2276 in
1149 2213 1299 2277 omnibus

161 2311 274 2387 boscis,
289 2313 386 2375 moris
401 2319 435 2375 et
449 2312 589 2394 pasturis
604 2312 684 2376 meis
698 2312 733 2374 in
748 2311 901 2376 Neutona
920 2310 1034 2375 subtus
1050 2310 1299 2396 Onenesbergh,⁸

161 2417 295 2495 excepto
311 2411 450 2494 quodam
472 2411 542 2474 loco
557 2411 614 2494 qui
634 2411 753 2474 dicitur
774 2410 1045 2496 Roselhigginges,
1059 2410 1100 2474 ad
1122 2431 1180 2474 sex
1201 2411 1299 2475 boves

161 2530 236 2574 suos
258 2509 293 2572 in
316 2509 426 2573 eadem
440 2509 521 2572 villa
536 2509 575 2572 de
597 2509 749 2573 Neutona
771 2515 1002 2575 commorantes
1012 2533 1021 2588 ;
1042 2530 1079 2573 ac
1094 2529 1151 2593 ego
1166 2510 1298 2574 boscum

161 2629 271 2673 meum
282 2607 377 2672 dictae
388 2607 474 2672 villae
486 2608 526 2672 de
537 2607 697 2684 Neutona,
708 2608 742 2670 in
752 2628 816 2691 quo
825 2608 923 2671 iidem
933 2607 1086 2692 Religiosi
1095 2629 1299 2672 communem

161 2706 202 2771 ad
231 2707 327 2771 hoves
353 2726 427 2771 suos
456 2706 625 2791 praedictos
650 2707 773 2770 ratione
799 2707 1013 2771 concessionis
1042 2728 1122 2771 meae
1146 2708 1299 2791 predictae

162 2807 381 2891 optinuerunt,
403 2806 597 2883 succindere,
619 2811 786 2889 amputare
811 2826 848 2870 ao
875 2807 972 2870 etiam
998 2807 1136 2870 eundem
1165 2807 1298 2871 boscum

162 2926 237 2989 sepe
262 2910 296 2969 et
320 2904 513 2989 cla[u]stura
538 2925 640 2988 usque
666 2906 707 2970 ad
733 2910 861 2989 tempus
888 2906 1133 2990 circumcingere
1159 2907 1299 2983 fecerim,

162 3004 365 3070 considerans
380 3003 558 3088 dampnum
573 3005 659 3088 quod
682 3005 777 3069 dictis
793 3005 963 3089 Religiosis
985 3005 1107 3069 ratione
1128 3005 1298 3070 clausturae

161 3105 251 3168 bosci
271 3104 366 3189 praed
383 3104 510 3168 evenire
532 3105 650 3187 poterit
670 3125 709 3168 er
730 3125 767 3168 eo
783 3104 869 3187 quod
884 3104 924 3167 de
939 3104 1026 3169 dicta
1048 3125 1106 3168 sua
1128 3125 1299 3168 commune

161 3204 198 3266 in
219 3209 348 3267 tantum
369 3203 477 3265 minus
500 3201 725 3280 excluduntur,
748 3224 788 3266 ex
810 3222 883 3266 mea
904 3201 1004 3266 libera
1026 3202 1193 3268 voluntate
1215 3202 1298 3279 volo,

161 3301 308 3376 concedo,
323 3308 356 3365 et
370 3321 427 3382 pro
441 3320 494 3364 me
509 3307 540 3364 et
555 3301 629 3365 haer.
645 3302 734 3376 meis,
749 3321 805 3384 per
819 3321 910 3384 praes.
926 3320 983 3364 scr.
999 3321 1197 3386 recognosco,
1211 3301 1296 3385 quod

161 3399 257 3486 praed.
274 3399 427 3484 Religiosi
442 3399 583 3463 habeant
598 3418 801 3462 communem
816 3404 955 3481 pasturae
970 3399 1011 3463 ad
1026 3419 1100 3463 suos
1122 3419 1178 3463 sex
1199 3400 1298 3464 boves

161 3498 256 3584 praed.
286 3497 321 3562 in
350 3498 421 3562 loco
450 3497 507 3581 qui
537 3497 657 3561 dicitur
690 3496 950 3582 Roselbigginges
979 3498 1235 3582 quandocunque
1265 3506 1298 3564 ot

161 3598 415 3683 quotiescunque
437 3596 560 3660 dictum
582 3596 714 3660 boscum
736 3597 891 3672 succindi,
906 3597 1021 3674 claudi,
1035 3597 1088 3661 vel
1110 3597 1144 3660 in
1167 3598 1297 3662 defenso

160 3698 240 3782 poni
261 3694 431 3780 contigerit
452 3694 487 3758 in
510 3695 665 3772 futurum,
687 3695 807 3779 absque
831 3694 1056 3760 reclamatione
1081 3716 1138 3760 seu
1162 3697 1297 3781 impedi·

162 3804 271 3864 mento
285 3796 350 3861 mei
364 3793 417 3860 vel
432 3795 505 3859 haer.
521 3815 673 3870 meorum,
689 3815 753 3857 non
775 3794 924 3859 obstante
943 3794 1062 3878 scripto
1085 3797 1297 3861 concessionis

161 3896 259 3960 dictae
273 3916 451 3960 communae
473 3894 593 3959 eisdem
609 3893 778 3977 Religiosis
800 3894 888 3976 prius
904 3893 1050 3971 confecti,
1068 3895 1103 3956 in
1118 3916 1182 3979 quo
1197 3898 1297 3980 speci-

160 3995 256 4061 aliter
277 3994 429 4059 inseritur
443 4014 484 4057 ne
499 3993 578 4056 dicti
594 3993 643 4075 (5)
659 3992 813 4075 Religiosi
827 3992 862 4055 in
878 3991 964 4055 dicto
979 3992 1048 4056 loco
1064 3995 1298 4058 communicare

197 4141 208 4176 ¹
223 4144 401 4207 perturbando.
439 4141 574 4206 Probably
586 4141 633 4191 the
645 4141 754 4208 reading
766 4141 849 4208 ought
860 4147 889 4193 to
901 4142 935 4193 be
946 4160 976 4193 as
987 4144 1016 4193 iu
1028 4143 1074 4194 the
1086 4147 1153 4195 text.

196 4223 208 4258 ¹
227 4225 345 4276 Written
356 4242 412 4276 ecce
424 4241 454 4275 or
465 4241 528 4286 enee,
543 4223 593 4274 but
611 4223 741 4289 probably
753 4224 789 4288 by
801 4225 916 4275 mistake
928 4225 969 4275 ior
980 4225 1056 4276 Eure.

197 4306 210 4342 ³
227 4307 284 4359 The
301 4324 379 4358 name
396 4307 419 4358 ia
437 4306 503 4358 thus
516 4307 633 4367 written,
647 4307 698 4357 but
715 4323 750 4357 no
766 4307 852 4358 doubt
869 4307 916 4358 the
933 4324 964 4359 ue
982 4308 1004 4359 is
1023 4309 1247 4377 unintentionully
1261 4329 1299 4363 re·

155 4389 320 4458 duplicated.
