2918 4980
212 527 214 531 ’
291 512 565 564 CARTULARIUM
583 511 787 564 ABBATHIAE
805 512 855 563 DE
872 511 1059 565 WHITEBY.
1180 501 1241 561 725

264 751 440 815 Rncrcnrn
454 767 498 814 ns
512 752 657 815 Wsrrsu
672 766 742 815 cuu
757 766 910 814 clrrnnrs
925 766 1078 814 ANNEXIS.

148 883 199 947 De
213 905 234 947 v
246 885 279 949 li.
296 885 336 948 dc
350 887 442 949 firma
459 886 615 951 Rectoriae
638 885 677 949 de
693 886 831 969 Whitby
846 886 941 969 praed.
957 907 1032 950 cum
1054 885 1187 969 capellis
1203 884 1243 948 de

104 982 229 1067 Fyling,
246 984 398 1062 Hastksr,
414 986 609 1069 Uglebsrby‚
622 985 810 1062 Asskedale,
824 985 971 1068 Hasclby
987 993 1020 1050 et
1033 984 1191 1066 Dunsley,
1205 1002 1242 1046 ac

104 1103 178 1145 cum
201 1084 349 1148 omnibus
365 1085 507 1162 decimis,
523 1084 741 1149 oblationibus
756 1091 790 1148 et
811 1084 964 1167 proficuis
986 1084 1105 1148 eisdem
1127 1083 1241 1166 pertin

102 1182 188 1259 ibid,
204 1203 262 1265 per
277 1205 303 1247 e
320 1183 463 1249 solvend.
479 1184 520 1248 sd
535 1185 555 1248 f.
572 1185 604 1249 S.
620 1183 724 1247 Marci
739 1183 957 1267 Evangelistae
973 1190 1006 1247 et
1016 1184 1046 1248 S.
1057 1183 1194 1246 Martini
1208 1182 1243 1244 in

103 1279 208 1344 hieme
238 1283 411 1365 aequaliter,
441 1283 488 1347 sic
517 1283 639 1347 dimiss.
666 1283 797 1346 Thomae
821 1283 956 1358 Brooke,
981 1282 1156 1365 ArmigerO,
1185 1301 1243 1364 per

103 1378 224 1445 indent.
240 1382 300 1445 sub
316 1383 372 1466 sig.
391 1383 496 1455 Curiae
510 1384 684 1465 Augment.
704 1402 762 1464 pro
785 1382 922 1445 termino
944 1381 1002 1443 lxx
1024 1386 1181 1445 annerum
1203 1384 1242 1443 ut

105 1477 231 1543 dicitur.

559 1566 693 1630 Summa
708 1587 729 1629 v
738 1565 784 1629 li.l

529 1765 695 1828 Vnunrrrc
711 1779 812 1828 scsc1.

146 1886 267 1970 Aliqua
288 1889 432 1953 venditio
454 1889 542 1952 bosci
563 1888 641 1953 ibid.
664 1888 725 1952 hoc
748 1908 832 1951 anno
855 1907 920 1950 non
942 1886 1087 1951 redditur
1101 1907 1139 1951 eo
1154 1888 1240 1970 quod

102 1983 194 2048 nulls
207 1985 394 2069 hujusmodi
408 1987 553 2051 venditio
568 1987 653 2050 infra
668 1993 797 2069 tempus
812 1985 910 2068 hujus
922 1985 1062 2069 compoti
1078 1985 1163 2049 facts
1176 1986 1240 2048 fuit

103 2103 160 2164 per
175 2104 305 2151 sacram.
320 2086 416 2169 praed.
432 2092 571 2169 comput.
588 2105 685 2168 super
698 2085 785 2147 hunc
801 2090 996 2167 compotum.

532 2196 665 2260 Summa
679 2195 812 2260 nullius.

501 2379 703 2452 PssQursrrs
718 2395 836 2444 curun

146 2505 216 2568 Nec
230 2503 314 2567 redd.
331 2502 370 2566 de
384 2503 573 2586 perquisitis
589 2503 685 2567 curise
700 2503 776 2568 ibid.
792 2504 853 2568 hoc
869 2525 972 2584 ann03
994 2525 1031 2569 eo
1047 2504 1132 2588 quod
1147 2503 1239 2567 nulls

101 2601 286 2684 hujusmodi
300 2601 388 2665 curis
403 2602 487 2665 infra
501 2609 632 2685 tempus
646 2602 744 2685 hujus
756 2623 856 2686 comp.
867 2609 957 2668 tenta
967 2605 1030 2669 luit
1040 2624 1098 2688 per
1108 2623 1237 2668 sacrum.

101 2699 277 2782 supradicti
291 2705 429 2783 comput.
446 2720 543 2784 super
555 2699 643 2764 hunc
658 2708 852 2784 compotum.

528 2824 661 2888 Summa
676 2824 809 2889 nullius.

266 2945 399 3009 Summa
415 2944 523 3008 totalis
539 2945 687 3029 Receptae
702 2948 812 3010 cxxxii
823 2947 855 3011 li.
872 2948 952 3012 xviii
962 2969 985 3013 s.
1001 2949 1073 3013 vid.

251 3129 430 3192 STIPENDIA
445 3145 583 3193 OOMPUT.
600 3145 669 3193 CUM
684 3145 842 3193 EXPENSIS
858 3147 1076 3195 Nucrssnuns,

145 3264 237 3329 Idem
260 3271 399 3347 comput.
415 3265 450 3326 in
471 3264 564 3328 feodo
585 3264 674 3327 Will.
697 3264 824 3342 Davell,
847 3266 1032 3349 Receptoris
1054 3274 1088 3330 et
1106 3267 1235 3334 Collect.

98 3363 184 3427 redd.
195 3368 228 3427 et
236 3364 316 3427 firm.
327 3363 472 3425 omnium
483 3367 516 3426 et
527 3362 605 3443 sing.
616 3361 839 3438 dominiorum,
847 3362 1071 3442 maneriorum,
1080 3372 1236 3430 terrerum

98 3469 132 3525 et
157 3468 422 3537 tenementorum,
451 3481 488 3524 sc
518 3459 654 3524 aliarum
683 3461 920 3543 possessionum
950 3467 983 3526 et
1012 3465 1234 3528 rcventionum

99 3580 363 3644 quorumcunque
378 3559 464 3623 dicto
478 3580 582 3642 nuper
603 3558 726 3622 Mon’io
739 3559 855 3641 pertin.
871 3560 912 3623 sd
934 3561 968 3623 xi
977 3561 1011 3626 li.
1032 3563 1089 3625 xvi
1098 3583 1122 3627 s.
1136 3584 1194 3646 per
1207 3584 1233 3628 e„

99 3660 176 3723 solv.
206 3660 247 3724 ad
276 3660 358 3723 fests
387 3659 533 3722 Annunt.
565 3659 600 3721 B.
631 3657 746 3721 Mariae
775 3657 918 3742 Virginis
947 3667 981 3723 et
1007 3660 1037 3725 S.
1063 3660 1234 3727 Michaelis

98 3758 258 3842 Archsng.
274 3758 448 3841 aequaliter,
458 3764 555 3840 prout
569 3757 796 3839 perscriptum
811 3756 887 3821 inde
901 3758 937 3820 in
949 3758 1047 3823 Curis
1060 3760 1234 3844 Augment.

99 3863 218 3919 revent.
229 3877 352 3920 corcnae
363 3857 428 3920 d’ni
439 3856 536 3940 Regis
547 3855 751 3919 irrotulctum
763 3854 892 3938 plenius
904 3865 1045 3940 apparet,
1056 3859 1091 3922 xi
1099 3859 1131 3925 li.
1143 3860 1200 3924 xvi
1209 3881 1234 3927 s.

143 3954 184 4016 In
207 3954 343 4036 stipend.
366 3954 473 4018 clerici
494 3953 593 4018 cudit.
616 3953 786 4017 scribentis
812 3953 899 4018 hunc
922 3975 1022 4038 comp.
1038 3957 1078 4020 ud
1103 3957 1161 4022 iis.
1176 3978 1234 4042 per

99 4071 220 4114 annum
243 4058 337 4134 prout
358 4051 482 4115 clericis
497 4051 597 4115 audit.
619 4051 686 4114 d’ni
708 4051 806 4134 Regis
827 4052 976 4116 Ducatus
998 4054 1050 4117 sui
1072 4055 1234 4122 Lsncsstr.

98 4148 228 4212 elloccri
244 4149 410 4212 consuevit
424 4149 459 4211 in
481 4149 617 4232 singulis
639 4149 799 4231 computis
821 4148 1046 4215 Ministrcrum
1067 4153 1233 4217 domini-

97 4249 167 4322 vin,
196 4246 231 4308 in
255 4246 444 4310 allocaticnc
468 4247 654 4330 hujusmodi
680 4246 817 4328 stipend.
846 4250 1022 4313 secundum
1048 4250 1173 4316 firmam
1200 4261 1231 4316 et

97 4347 247 4409 effectum
264 4352 354 4409 actus
370 4345 586 4422 Parliamenti,
601 4346 626 4408 ii
635 4366 658 4408 s.

268 4449 271 4455 ’
309 4455 318 4489 ¹
336 4456 393 4507 'l'hc
405 4472 463 4508 sum
478 4457 567 4507 stated
579 4456 608 4506 in
620 4456 762 4522 Dugdcle's
775 4456 895 4509 abstrsct
905 4459 929 4508 is
940 4462 1002 4511 250.

140 4555 210 4602 vot.
227 4554 260 4602 11.
1047 4549 1102 4604 tn
