2918 4980
224 474 286 530 456
410 481 681 536 CARTULARIUM
704 481 903 533 ABBA'I‘HIAE
924 481 973 532 Du
988 477 1176 531 WHITEBY.

224 667 289 711 una
314 653 413 730 palte,
439 653 472 711 et
495 647 696 712 Willelmum
723 645 761 711 de
788 646 903 711 Everle
928 646 968 710 de
997 643 1232 728 Ugelbordeby,
1256 641 1363 707 filium

223 745 380 810 Willehni
403 746 442 809 de
464 746 587 822 Everle,
602 768 642 811 ex
665 746 924 823 altera-videl,
943 744 1029 829 quod
1053 744 1160 808 dietus
1175 743 1363 807 Willelmus

225 845 264 908 de
280 845 393 909 Everle
409 866 494 910 cone.
510 855 542 910 et
557 867 608 929 qu.
625 845 777 910 clamavit
792 845 831 909 de
847 866 881 909 se
897 852 930 909 et
944 845 1019 908 haer.
1036 843 1104 907 suis
1119 843 1252 926 imperp.
1266 841 1364 906 dietis

225 944 306 1009 Abb.
322 952 354 1008 et
376 946 474 1010 Oonv.
490 952 594 1009 totum
606 947 660 1029 jus
676 951 709 1010 et
730 945 984 1010 dominationem
999 964 1073 1027 queo
1094 943 1210 1007 habuit
1224 943 1261 1006 iu
1276 963 1306 1006 v.
1323 940 1364 1005 de

225 1043 340 1107 Everle
359 1045 453 1126 juxta
477 1045 653 1122 Hakeness‚
675 1066 749 1109 eum
771 1051 849 1128 pert.
880 1045 957 1122 suia,
989 1064 1063 1108 eum
1097 1043 1184 1107 hom.
1214 1048 1247 1105 et
1281 1061 1363 1106 serv.

227 1142 386 1207 ‚Iohannis
401 1145 440 1208 de
456 1145 667 1229 Geddingges‚
682 1144 740 1207 filii
762 1144 922 1209 «Iohannis
944 1142 985 1207 de
1001 1142 1266 1226 Geddi11ggee,et
1287 1140 1364 1205 haar.

227 1262 366 1318 suorum,
388 1249 454 1307 tam
477 1245 512 1307 in
527 1244 641 1308 wardia
663 1264 760 1327 quam
783 1245 816 1306 in
839 1243 975 1319 releviis,
997 1242 1090 1318 esch,
1106 1241 1200 1318 hom,
1223 1244 1255 1305 et
1277 1260 1364 1304 omn.

227 1340 299 1404 aliis
323 1343 460 1406 servitiis
480 1343 583 1407 eidem
608 1342 771 1407 Willehno
796 1351 829 1406 et
852 1341 926 1406 haer.
952 1342 1021 1405 suis
1047 1341 1087 1405 de
1111 1340 1199 1405 dieta
1220 1339 1301 1404 villa
1324 1339 1366 1404 de

227 1439 342 1504 Everle
367 1442 785 1525 peitinentibus-Tenend.
813 1448 846 1505 et
870 1441 942 1505 hab.
970 1440 1064 1505 dietis
1091 1438 1257 1504 monachis
1284 1438 1366 1503 adeo

227 1538 325 1603 libere
340 1540 374 1602 in
397 1540 449 1605 lib.
466 1549 499 1605 et
513 1562 599 1624 perp.
622 1541 722 1615 elem,
739 1541 774 1604 in
796 1562 879 1605 omn.
896 1547 929 1604 et
951 1561 1007 1623 per
1030 1540 1147 1617 omnia,
1162 1539 1247 1604 sicut
1261 1538 1365 1603 eonti-

228 1644 323 1702 netur
343 1639 378 1702 in
407 1647 494 1704 carta
516 1641 594 1704 dieti
625 1640 784 1704 Johannis
807 1661 904 1723 quam
927 1640 991 1722 ipsi
1017 1639 1092 1703 inda
1114 1638 1247 1702 habent.
1300 1637 1366 1700 Pro

228 1737 288 1802 hae
318 1746 424 1803 autem
458 1760 542 1803 eone.
574 1747 607 1803 et
636 1759 688 1823 qu.
719 1739 911 1803 clamatione
948 1739 1027 1802 dieti
1057 1739 1168 1802 Abbaa
1199 1742 1233 1802 et
1261 1736 1365 1801 Gonu.

228 1837 418 1902 remiserunt
442 1844 475 1902 et
499 1860 551 1921 qu.
582 1837 802 1901 clamaverunt
823 1838 908 1901 dioto
935 1837 1101 1901 Willehno
1132 1841 1165 1900 et
1194 1835 1268 1898 haer.
1296 1835 1366 1899 suis

228 1936 359 2020 imperp.
382 1936 543 2001 redditum
566 1938 663 2000 trium
688 1936 860 2000 solidorum
884 1944 917 2000 et
939 1958 996 2000 sex
1018 1937 1098 2013 den,
1114 1942 1147 2000 et
1169 1936 1278 1999 omnia
1300 1955 1366 1999 ser-

228 2034 307 2098 vitia
329 2056 400 2118 qum
423 2036 560 2119 recipere
583 2041 817 2100 consueverunt
840 2035 879 2099 de
902 2037 989 2099 dieto
1010 2035 1175 2099 Willelmo
1197 2054 1255 2118 pro
1279 2034 1367 2098 dieta

229 2133 306 2197 villa
329 2135 368 2197 da
392 2134 511 2198 Everlo.
559 2136 598 2198 In
621 2135 713 2215 eujus
735 2155 758 2197 r.
775 2140 845 2198 test
870 2135 975 2198 dietus
991 2133 1176 2198 Willehnus
1198 2133 1256 2197 uni
1279 2132 1366 2216 parti

227 2231 324 2316 hujus
347 2254 403 2297 ser.
426 2234 460 2296 in
482 2234 613 2297 modum
636 2233 833 2317 cyrographi,
855 2253 952 2316 penes
976 2233 1078 2297 dictos
1101 2233 1184 2296 Abb.
1208 2237 1241 2296 et
1264 2232 1365 2296 Conv.

227 2334 414 2409 remanenti,
436 2334 491 2416 sig.
515 2354 609 2396 suum
632 2333 802 2416 apposuit3
833 2341 866 2397 et
888 2332 967 2397 dieti
989 2334 1070 2396 Abb.
1095 2341 1129 2397 et
1150 2334 1247 2396 Conv.
1271 2333 1366 2396 alteii

228 2433 320 2514 parti,
342 2453 439 2515 penes
469 2433 541 2496 diet.
566 2431 767 2495 Willelmum
796 2433 900 2508 resid,
922 2434 978 2517 sig.
1003 2432 1147 2516 Capituli
1172 2431 1223 2496 aui
1249 2451 1366 2516 appos-

230 2537 354 2594 uerunt.

249 2766 375 2830 DXVI.
400 2767 592 2831 Coucoaom
608 2782 866 2831 ouaoeumunun
882 2783 916 2830 m
933 2767 1040 2831 Cuma
1057 2767 1161 2830 Ruels
1176 2781 1220 2829 nn
1234 2764 1346 2830 ann

694 2883 736 2929 ou
751 2867 890 2930 Evnuua.

274 3017 353 3081 Haee
369 3024 417 3081 est
426 3016 530 3080 finalis
542 3037 636 3092 cone,
646 3017 730 3079 faeta
740 3017 774 3078 in
788 3016 859 3080 Cur.
877 3016 953 3078 D'ni
965 3015 1061 3099 Regis
1077 3015 1162 3098 apud
1177 3013 1369 3090 Weatmon,

230 3116 315 3180 adie
339 3117 367 3180 S.
384 3115 543 3180 Johanuis
567 3115 722 3198 Baptistae
745 3115 779 3177 in
804 3113 988 3198 quindecim
1013 3114 1082 3178 dies
1097 3116 1143 3177 A⁰
1157 3114 1248 3197 regni
1268 3113 1368 3198 Regis

231 3217 372 3293 Henriei,
405 3216 463 3279 filii
495 3215 590 3299 Regis
626 3214 794 3289 dohannis,
827 3213 1069 3297 quadragesimo
1102 3220 1225 3297 quarto,
1259 3233 1367 3278 oolam

230 3317 375 3381 Gilberto
390 3317 429 3380 de
445 3315 607 3391 Prestoua,
622 3314 645 3378 J
647 3313 766 3375 ohanni
789 3312 828 3376 de
843 3311 976 3394 Wyvill,
992 3319 1025 3374 et
1039 3311 1063 3375 J
1064 3311 1190 3375 ohanne
1206 3311 1246 3375 de
1261 3312 1368 3387 Kane,

229 3415 432 3490 Justioiariis,
463 3418 497 3477 et
526 3413 597 3476 aliis
626 3411 704 3474 D’ni
733 3410 829 3493 Regis
859 3409 942 3474 fidel.
973 3417 1051 3472 tune
1081 3410 1127 3473 ibi
1156 3428 1255 3493 praes„
1280 3409 1369 3475 inter

228 3513 451 3590 Willelmum,¹
475 3512 635 3575 Abbatem
658 3510 697 3573 de
719 3509 871 3592 Wyteby,
893 3515 1090 3592 querentem,
1108 3529 1164 3592 per
1187 3508 1365 3573 Robertum

228 3615 267 3679 de
291 3615 478 3697 Spauntona
500 3612 641 3695 positum
663 3608 734 3673 loeo
759 3628 815 3671 suo
839 3607 879 3670 ad
901 3606 977 3671 luer.
1000 3608 1052 3672 vel
1073 3607 1169 3692 perd,
1196 3607 1305 3691 (1022')
1333 3616 1367 3673 et

228 3714 410 3777 Johanuem
433 3712 472 3775 de
496 3709 686 3792 Gaddingea
709 3707 835 3789 imped,
858 3707 896 3770 de
919 3707 1060 3770 manerio
1083 3707 1122 3770 de
1143 3706 1267 3783 Everle,
1290 3728 1366 3771 oum

229 3821 317 3896 pert,
332 3812 417 3877 unde
433 3811 589 3895 placitum
598 3808 671 3870 war'
687 3813 782 3870 eartm
797 3826 954 3868 summota
970 3805 1033 3868 fuit
1045 3806 1129 3869 inter
1144 3826 1197 3869 eos
1206 3806 1241 3868 in
1253 3806 1366 3871 eadem

229 3912 424 3997 ou1·ia,quod
447 3910 541 3995 praed.
566 3907 733 3973 «Iohannes
754 3904 937 3988 recognovit
953 3904 1047 3986 praed.
1072 3925 1260 3981 men.,eun1
1276 3914 1368 3988 pere,

229 4014 314 4076 utin
330 4013 450 4088 d'nieis,
466 4009 631 4093 homagiiS,
646 4027 725 4070 serv.
742 4005 796 4067 lib.
812 4004 991 4080 hominum,
1006 4002 1208 4088 villonagiis,²
1223 4005 1369 4088 cotagim,

228 4112 413 4189 redditibus,
430 4111 552 4186 wardia,
574 4106 711 4182 releviiat,
726 4111 760 4168 et
782 4123 864 4165 onm.
881 4103 1014 4166 eseaetis
1030 4124 1101 4185 quae
1124 4103 1200 4166 inde
1222 4104 1367 4169 accidere

227 4220 387 4291 poterunt,
402 4234 476 4277 eum
499 4209 612 4284 boscio,
628 4205 736 4289 pratis,
751 4202 898 4286 pasturio,
914 4202 1020 4277 moris,
1035 4202 1189 4278 mariscis,
1204 4202 1368 4281 turbariis,

227 4316 259 4370 et
275 4333 357 4376 omn.
374 4313 445 4376 aliis
461 4310 555 4374 rebus
571 4306 611 4370 ad
627 4303 722 4388 praed.
733 4322 815 4365 man.
828 4301 951 4384 pontin,
963 4320 1031 4364 esse
1043 4301 1097 4383 jus
1113 4301 1214 4383 ipsius
1226 4301 1369 4368 Abbatia

298 4449 306 4482 ¹
325 4452 442 4505 Willinm
456 4451 488 4500 de
502 4447 647 4498 Briniotun.
1109 4435 1120 4471 ²
1138 4439 1290 4502 venenanda
