2918 4980
366 505 638 560 GAR'I'ULARIUM
657 469 862 559 ABBdTHIAE
879 504 929 558 DE
946 505 1133 558 WHITEBY.
1254 495 1316 555 655

181 691 219 734 ac
244 670 463 754 indulgentias
493 670 534 734 ad
559 671 683 736 dietum
713 691 794 755 opus
820 691 985 736 concessas
1011 671 1224 754 expositurus,
1253 689 1320 755 prae

182 769 254 833 aliis
291 770 503 852 quaestoribus
537 771 792 853 quibuscunque,
828 770 1087 853 procuratoribus
1123 776 1156 835 et
1185 770 1321 847 nuntiis,

182 868 310 932 fabricae
324 875 442 932 nostrae
456 869 550 933 Ebor.
567 869 709 933 ecclesiae
723 869 883 933 duntaxat
898 869 1050 952 exceptis,
1065 889 1145 953 qnos
1165 889 1231 932 non
1251 869 1321 932 sine

182 986 278 1030 eausa
288 967 473 1031 rationabili
488 968 624 1052 singulis
635 968 707 1032 aliis
721 968 871 1032 volumus
887 975 921 1033 et
934 968 1074 1052 petimus
1095 968 1254 1046 anteferri,
1268 988 1322 1033 eos

182 1065 292 1129 velitis
306 1066 526 1130 favorabiliter
546 1067 717 1132 admittere
739 1074 773 1131 et
794 1073 940 1145 tractare,
955 1067 1141 1150 hujusmodi
1156 1067 1320 1151 negotium

183 1174 251 1228 tam
274 1164 358 1228 clero
373 1186 471 1248 quam
493 1166 614 1249 populo
633 1167 724 1230 vobis
748 1166 877 1230 subdito
899 1167 935 1229 in
950 1166 1102 1250 capitulis
1124 1166 1323 1231 celebrandis

184 1263 266 1326 etin
282 1263 424 1328 ecelesiis
439 1265 554 1328 vestris
576 1265 661 1328 infra
683 1266 853 1329 missarum
875 1265 1064 1348 solempnia,
1085 1272 1119 1330 et
1140 1264 1213 1329 aliis
1234 1265 1322 1341 locis,
1364 1316 1365 1320 ,

184 1362 302 1444 quibus
327 1362 490 1426 videbitur
512 1363 673 1446 expedire,
699 1362 870 1428 efficaciter
895 1371 1102 1447 exponentes,
1124 1369 1157 1428 et
1179 1364 1323 1429 caritatis

183 1461 307 1524 intuitu
329 1467 572 1544 promoventes;
594 1463 722 1545 proviso
743 1463 830 1545 quod
853 1463 1009 1546 quicquid
1030 1463 1202 1527 collectum
1224 1463 1324 1528 fuerit

183 1560 219 1622 in
249 1560 309 1623 hac
337 1566 429 1642 parte
466 1560 592 1625 faciatis
621 1561 773 1644 praedicto
798 1561 945 1625 Johanni
974 1561 1097 1645 integre
1127 1569 1160 1625 et
1185 1560 1325 1626 fideliter

184 1658 323 1735 liberari,
345 1658 405 1722 sub
432 1678 525 1741 paena
551 1659 891 1722 excommunicationis
913 1659 1052 1741 majoris,
1077 1679 1176 1742 quam
1199 1663 1324 1723 eontra-

186 1758 351 1821 venientes
388 1777 454 1820 non
490 1757 651 1821 immerito
687 1757 831 1840 poterint
864 1758 1044 1834 formidare,
1073 1779 1138 1821 non
1175 1758 1323 1821 obstante

185 1856 380 1920 inhibitione
401 1861 517 1932 nostra,
532 1857 560 1919 si
575 1876 640 1938 qna
662 1856 761 1920 fuerit
783 1856 847 1920 alia
869 1857 960 1921 vobie
982 1857 1075 1922 facta
1120 1856 1193 1920 Hoc
1215 1861 1324 1920 autem

186 1953 374 2017 mandatum
384 1959 531 2017 nostrum
542 1954 652 2018 taliter
662 1961 794 2038 tamque
805 1954 943 2019 fideliter
954 1962 988 2020 et
999 1954 1107 2018 debite
1118 1954 1325 2039 compleatur,

186 2052 274 2134 quod
289 2058 397 2116 vestra
417 2053 601 2117 obedientia
617 2054 707 2117 vobie
729 2054 823 2117 cedat
843 2053 884 2116 ad
905 2054 1059 2118 meritum
1073 2054 1151 2117 dum
1166 2053 1252 2137 apud
1266 2074 1325 2117 vos

187 2172 221 2215 se
237 2151 526 2215 commendabilem
542 2151 693 2215 exhibeat
707 2153 741 2215 in
755 2153 918 2216 fructuoso
933 2172 1028 2236 opere
1043 2152 1149 2235 quoad
1164 2152 1325 2235 propriam

187 2251 434 2314 subventionem
451 2250 580 2314 fabricae
594 2250 793 2333 supradictae
832 2251 901 2314 Nos
916 2256 1035 2327 autem,
1050 2256 1109 2316 etc.
1124 2251 1243 2334 viginti
1256 2250 1326 2315 dies

188 2357 246 2411 etc.
293 2348 335 2411 In
364 2349 457 2431 cujus
486 2347 533 2411 rei
559 2347 782 2412 testimonium
812 2353 872 2413 eto.
927 2349 1051 2412 Datum
1080 2349 1168 2432 apud
1200 2348 1326 2412 Ianum

188 2447 299 2510 Nonas
326 2447 476 2511 Octobris
505 2447 550 2509 Α0
576 2446 654 2509 D'ni
679 2445 857 2510 Millesimo
882 2455 974 2510 cocm⁰
999 2446 1126 2523 xxxiiii,
1148 2453 1182 2511 et
1207 2446 1325 2512 Pontii.

189 2546 290 2609 nostri
305 2546 410 2608 xviiia

232 2645 384 2728 Sigillum
399 2645 435 2708 in
449 2665 539 2728 praes.
555 2664 751 2728 perannum
767 2644 959 2709 duraturum
978 2649 1029 2709 est
1050 2663 1239 2728 appensum
1283 2643 1328 2707 Et

189 2744 430 2809 memorandum
447 2744 534 2827 quod
549 2744 656 2808 dictus
671 2744 694 2808 J
695 2745 848 2822 ohannes,
861 2745 958 2809 tactis
979 2743 1102 2808 ibidem
1116 2742 1328 2807 saerosanctis

189 2843 384 2928 Evangeliis,
399 2843 485 2925 quod
506 2841 635 2905 nullum
657 2843 844 2906 admitteret
866 2842 1082 2906 substitutum
1103 2843 1169 2905 nisi
1190 2861 1249 2924 per
1269 2859 1328 2904 nos

189 2943 279 3026 prius
305 2941 483 3004 admissum
510 2946 543 3004 et
563 2940 717 3022 juratum.
772 2941 826 3022 [Ic
851 2941 966 3024 marp]
1001 2937 1055 3003 Md
1081 2940 1167 3023 quod
1192 2940 1231 3002 iii
1252 2938 1327 3003 Kal

190 3039 340 3103 Octobris
369 3039 454 3101 Ab.
485 3038 686 3100 x⁰ccexxxiii
715 3037 803 3119 apud
830 3037 967 3101 Oawode
996 3044 1146 3102 revocata
1174 3037 1240 3101 fuit
1263 3037 1328 3102 istu

190 3138 292 3200 libera
307 3143 340 3200 et
355 3134 541 3198 omnimoda
556 3141 698 3217 potestas
709 3136 732 3199 J
734 3135 856 3197 ohanni
871 3134 911 3198 de
926 3135 1062 3218 Lumby,
1076 3136 1265 3200 substitutis
1275 3135 1328 3200 vel

191 3234 430 3317 coadjutoribus
445 3232 513 3296 suis
528 3231 601 3295 aliis
615 3232 651 3295 in
665 3232 726 3296 hac
740 3238 832 3315 parte
847 3251 1005 3295 concessa

508 3464 647 3530 DCVII.
670 3463 821 3548 (Melton,
836 3464 856 3527 f.
875 3464 961 3545 249.)

255 3618 485 3682 Ornrrmcarro
500 3631 545 3677 nr
559 3630 743 3679 aerumans
759 3629 799 3676 cr
815 3629 1067 3678 remorsurus
1081 3613 1266 3679 arrarum

645 3730 689 3777 mr
704 3715 875 3778 Wrurnav.

234 3852 482 3916 venerabilibus
523 3857 556 3915 et
592 3851 740 3915 discretis
781 3849 869 3927 viris,
912 3849 1007 3914 D'nis
1047 3848 1255 3913 Thesaurario
1295 3855 1330 3914 et

193 3951 370 4013 Beronibus
404 3950 444 4013 de
477 3949 641 4014 Soaccario
670 3949 747 4011 D'ni
785 3948 887 4011 nostri
915 3947 1021 4032 Regis,
1049 3947 1236 4013 Willelmus
1265 3948 1330 4013 Dei

193 4049 399 4112 Providentia
435 4055 495 4112 etc.
532 4048 671 4112 salutem
700 4068 775 4111 cunr
811 4047 872 4111 Dei
907 4047 1132 4112 benedictione
1162 4052 1195 4111 et
1226 4048 1330 4131 gratia

193 4147 334 4210 salutari.
372 4147 475 4210 Breve
489 4147 613 4230 regium
628 4147 808 4229 recepimus
824 4150 968 4210 tenorem
979 4153 1063 4209 cont.
1074 4146 1330 4229 infrascriptum:

193 4245 422 4323 —Edwardua
444 4246 485 4308 D.
509 4246 547 4310 G.
563 4252 622 4309 etc.
645 4244 825 4309 venerabili
846 4244 881 4307 in
904 4243 1034 4308 Christo
1056 4244 1141 4327 patri
1155 4243 1331 4322 Willelmo,

193 4345 305 4408 eadem
326 4345 429 4427 gratia
450 4343 544 4407 Ebor.
567 4342 747 4425 Archiep‘o,
763 4347 832 4418 etc,
846 4341 993 4406 salutem.
1036 4341 1088 4405 Ex
1106 4347 1198 4424 parte
1218 4341 1331 4407 dilecti

193 4444 286 4506 nobis
308 4443 343 4505 in
367 4442 495 4507 Christo
510 4441 648 4505 Abbatie
663 4441 704 4504 de
720 4440 856 4522 Whitby
870 4439 964 4503 nobis
987 4446 1037 4503 est
1058 4439 1276 4522 supplicatum
1291 4446 1330 4504 ut

193 4563 267 4605 cum
283 4540 447 4605 Abbathia
462 4559 521 4603 sua
535 4539 690 4623 praedicta
704 4545 738 4603 et
752 4538 908 4602 beneficia
922 4536 963 4601 ad
978 4557 1049 4602 eam
1072 4537 1251 4620 spectantia
1273 4558 1331 4621 per
