2918 4980
157 488 219 547 378
338 500 610 553 caprulanum
629 499 831 550 ABBATHIAE
850 498 898 547 DE
915 495 1101 547 WHITEBY.

156 684 242 747 perp.
258 665 357 739 elem,
372 685 446 728 eum
461 665 611 728 omnibus
626 672 707 746 pert.
722 663 798 738 suis,
808 662 913 725 libert.
930 670 961 725 et
978 660 1110 734 aisiam,
1120 658 1205 720 infra
1215 676 1245 720 v.
1257 660 1291 718 et

156 774 254 826 extra
300 765 366 848 Ego
381 784 456 829 vero
468 764 629 829 Henrieus
642 774 674 827 et
689 763 762 826 haer.
779 762 842 826 mei
857 761 953 845 praed.
968 763 1042 824 t’ras
1057 758 1153 842 praed.
1168 754 1291 820 Abbati

156 870 190 927 et
205 862 303 927 conv.
319 885 345 928 c.
369 886 394 928 o.
411 865 441 927 h.
457 873 490 928 et
506 866 526 928 f.
542 863 821 928 warantizabimus
841 871 874 925 et
889 861 1106 945 quietahimus
1121 864 1155 922 et
1169 856 1230 919 dei.
1254 855 1291 916 iu

157 972 356 1045 perpetuum.
402 965 443 1028 In
457 965 549 1048 eujus
564 965 611 1028 rei
632 971 705 1028 test.
720 983 778 1046 ego
795 962 956 1025 Henricus
971 961 1026 1044 sig.
1042 979 1151 1022 meum
1166 976 1223 1039 pro
1238 973 1290 1016 me

156 1068 191 1124 et
201 1061 274 1124 haer.
291 1063 371 1126 meis
385 1064 443 1126 uni
458 1064 542 1146 parti
556 1063 654 1146 hujus
669 1070 763 1126 eartae
778 1061 975 1144 cirografatae
989 1057 1133 1142 apposui,
1148 1063 1181 1118 et
1195 1051 1290 1137 praed.

158 1161 268 1225 Abbas
282 1160 369 1245 (28¹³)
388 1163 444 1246 sig.
460 1183 556 1226 suum
578 1184 635 1246 pro
657 1183 690 1226 se
705 1169 737 1225 et
753 1161 852 1225 Conv.
868 1181 926 1224 suo
941 1160 1033 1222 alteri
1048 1157 1132 1240 parti
1147 1153 1290 1238 ejusdem

157 1263 314 1344 apposnit.
361 1263 435 1325 Hiis
456 1264 602 1327 testibus.
647 1262 787 1325 Domino
809 1260 883 1323 Ada
904 1260 944 1323 de
967 1260 1104 1336 Setona3
1124 1252 1291 1318 Willelmo

157 1359 198 1424 de
214 1361 376 1441 Roselles3
397 1362 561 1426 Willelmo
575 1361 615 1426 de
630 1363 820 1446 Boyntona;
835 1360 1003 1444 Iugeramo
1019 1359 1085 1422 filio
1100 1358 1187 1441 ejus;
1201 1353 1292 1417 uili-

157 1459 264 1524 tibus:
287 1470 319 1524 et
335 1461 417 1525 aliis.

637 1673 822 1737 CCCCXX.

203 1823 361 1887 Omnibus
384 1823 441 1888 has
463 1822 525 1887 litt.
549 1824 606 1887 vis.
631 1823 683 1886 vel
705 1823 777 1886 aud.
803 1821 985 1904 Stephanus
1007 1820 1048 1884 de
1068 1818 1226 1883 Roselles¹
1251 1817 1292 1881 de

161 1923 340 2000 livertona,
366 1944 389 1988 s.
416 1925 452 1988 in
477 1924 626 1987 Domina.
682 1923 818 1986 Noverit
843 1922 932 1984 univ.
959 1943 987 1983 v.
1014 1941 1073 1995 me,
1098 1938 1231 1983 assensu
1260 1923 1293 1980 et

160 2024 293 2087 romilio
309 2025 455 2089 Isabellae
471 2026 579 2088 uxoris
593 2045 681 2099 meae,
693 2030 726 2087 et
736 2023 810 2086 haer.
825 2032 1014 2095 nostrorum,
1030 2022 1069 2095 d.‚
1083 2039 1169 2084 cone.
1186 2025 1218 2081 et
1232 2017 1293 2080 hae

161 2141 205 2203 pr.
221 2144 246 2186 o.
261 2144 332 2187 mea
346 2125 427 2187 conf.
443 2125 513 2187 Deo
536 2131 568 2187 et
584 2124 668 2188 Eccl.
685 2124 715 2188 S.
732 2124 820 2186 Petri
843 2130 876 2185 et
891 2121 921 2185 S.
939 2121 1046 2184 Hildae
1068 2120 1107 2184 de
1130 2118 1294 2200 llhiteby,

160 2227 193 2285 et
209 2243 291 2286 mon.
308 2223 350 2286 ib.
365 2224 436 2287 Deo
450 2244 539 2300 serv„
550 2224 584 2286 in
596 2244 627 2306 p.-
643 2231 676 2287 et
687 2244 772 2305 perp.
789 2222 889 2298 elem„
900 2243 999 2285 unam
1013 2222 1162 2284 bovatam
1177 2219 1244 2281 t’rae
1258 2217 1294 2279 in

160 2319 292 2383 t'ritorio
314 2319 355 2384 de
370 2321 547 2397 Livertona,
562 2343 637 2385 oum
652 2322 733 2384 tosto
748 2328 781 2384 et
796 2323 905 2396 orosto,
920 2328 953 2384 et
968 2321 1118 2384 omnibus
1133 2324 1211 2402 pert.
1227 2317 1295 2380 suis

162 2418 270 2482 —seil
297 2419 388 2483 illam
409 2421 480 2484 bov.
507 2422 573 2484 t’rae
598 2441 696 2504 quam
718 2420 844 2484 Alanus
871 2419 1124 2484 hiolendinarius
1150 2416 1293 2501 quando

161 2539 288 2601 cunque
302 2519 409 2583 tenuit
421 2519 459 2583 de
475 2541 535 2596 me,
550 2541 623 2584 cum
639 2521 721 2584 tofto
736 2528 770 2584 et·
784 2521 885 2584 crolto
899 2521 957 2603 qui
969 2521 1054 2602 jacet
1065 2520 1161 2602 juxta
1175 2518 1294 2581 toftum

162 2618 319 2682 Willalmi
341 2619 400 2682 filii
417 2620 576 2684 Teobaldi
621 2621 663 2684 Et
686 2619 852 2685 sciendum
867 2630 916 2684 est
931 2620 1018 2704 quod
1032 2619 1127 2702 praed.
1143 2619 1213 2681 bov.
1229 2616 1295 2679 t'rae

156 2720 244 2801 jacet
265 2719 474 2802 propinquior
494 2720 553 2784 soli
577 2720 617 2784 de
638 2728 776 2804 quatuor
796 2721 868 2784 bov.
893 2721 959 2783 t'rae
981 2740 1060 2803 quas
1076 2740 1133 2803 ego
1148 2724 1242 2781 teneo
1256 2715 1296 2778 de

161 2818 272 2882 eadem
295 2818 379 2882 Eocl
395 2817 435 2883 de
457 2819 620 2903 Whiteby.
666 2821 768 2884 Istam
789 2841 865 2884 vero
886 2817 1094 2883 donationem
1116 2839 1182 2902 ego,
1199 2814 1295 2899 praed.

163 2917 355 3000 Stephanus,
370 2925 403 2981 et
418 2919 557 2983 isabella
571 2941 654 2983 uxor
667 2941 746 2996 mea,
761 2927 795 2984 et
809 2919 883 2983 haer.
899 2919 1001 2983 nostri
1016 2916 1296 2982 warantizabimus

162 3016 257 3100 praed.
280 3016 365 3081 Ecol.
391 3016 431 3082 de
457 3019 612 3102 Whiteby
632 3041 657 3083 c.
684 3041 711 3083 0.
736 3019 766 3083 h.
793 3019 828 3083 in
854 3026 1053 3102 perpetuum.
1097 3019 1140 3081 Et
1167 3023 1204 3080 ut
1233 3017 1296 3079 ista

161 3116 292 3180 donatio
314 3137 386 3182 mea
407 3124 476 3182 rata
498 3119 541 3183 sit
563 3127 596 3184 et
618 3120 742 3184 stabilis
764 3141 810 3203 pr.
833 3140 890 3184 ser.
913 3120 969 3204 sig.
993 3140 1064 3184 meo
1086 3117 1295 3182 corroboravi

163 3217 239 3281 Hiis
253 3217 414 3282 testibus.2
438 3271 444 3283 .
469 3270 475 3282 .
499 3271 505 3283 .

622 3429 842 3496 ccccxxi?

207 3579 279 3661 (29)
317 3579 455 3643 Marisoo
484 3599 595 3644 versus
625 3580 809 3663 aquilonem
834 3582 930 3664 juxta
959 3581 1050 3645 t'ram
1076 3579 1228 3644 Ecclesiae
1258 3582 1298 3646 de

163 3678 369 3763 Scirpingbec
391 3698 501 3743 versus
523 3681 609 3743 viam
631 3681 687 3763 qui
707 3680 814 3744 tendit
839 3681 880 3744 ad
905 3700 1022 3764 aquam
1045 3687 1078 3744 et
1103 3680 1142 3743 de
1165 3680 1222 3743 illa
1245 3682 1299 3744 via

162 3797 266 3862 usque
280 3776 319 3840 ad
336 3796 452 3861 aquam
464 3777 504 3843 de
515 3778 730 3864 Scirpingbec,
742 3781 776 3844 in
787 3781 843 3846 lib.
855 3788 887 3845 et
898 3802 928 3864 p.
940 3788 973 3864 et
984 3801 1070 3864 perp.
1083 3780 1297 3844 elemosinam.

198 3951 210 3987 ¹
227 3952 276 4005 Sea
288 3951 337 4003 lio.
351 3954 413 4015 221,
423 3952 509 4003 which
522 3953 545 4004 is
556 3970 573 4004 a
585 3954 721 4020 quitclaim
733 3955 785 4006 and
797 3956 960 4023 resignation
972 3956 1000 4007 oi
1011 3955 1059 4007 the
1069 3956 1153 4008 entire
1162 3962 1299 4008 tenement

161 4035 226 4089 held
242 4036 281 4102 by
292 4035 339 4088 the
356 4040 478 4104 grantm
496 4037 525 4088 of
541 4037 597 4089 this
615 4039 720 4090 charter
737 4040 765 4090 in
782 4039 830 4092 the
848 4041 896 4091 vill
914 4040 942 4092 oi
960 4041 1105 4101 Livorton;
1123 4041 1185 4102 this,
1201 4057 1235 4091 on
1253 4041 1300 4093 the

161 4120 241 4173 other
252 4118 331 4181 hand,
344 4118 444 4188 having
456 4137 471 4171 ι
482 4138 554 4172 more
566 4122 671 4174 limited
682 4139 767 4190 scope.

198 4200 210 4238 ²
227 4203 292 4254 This
309 4202 415 4256 ehsrter
432 4203 456 4255 is
477 4205 622 4271 imperfect,
636 4206 711 4257 what
723 4206 846 4272 precedes
858 4207 905 4258 the
918 4212 1016 4258 matter
1028 4207 1090 4258 here
1103 4207 1208 4273 printed
1220 4207 1300 4274 being

162 4286 265 4350 absent,
277 4286 331 4338 and
349 4287 413 4354 only
425 4304 441 4338 s
452 4287 505 4339 few
517 4288 584 4340 lines
596 4289 624 4340 oi
636 4288 684 4340 the
697 4289 760 4340 final
772 4295 833 4355 part
845 4290 924 4357 being
935 4291 1084 4357 preserved,
1097 4290 1144 4342 the
1157 4290 1209 4341 loss
1220 4290 1301 4357 being
1363 4308 1367 4315 ·

163 4370 216 4422 dus
234 4375 263 4423 to
275 4370 324 4423 the
335 4377 560 4438 rewangement
572 4371 600 4423 oi
617 4371 664 4424 the
676 4388 756 4440 pagos
763 4373 797 4423 -oi
813 4371 860 4423 the
874 4374 986 4440 original
999 4374 1111 4427 volume.
1149 4373 1205 4423 The
1218 4373 1300 4424 hand·

164 4453 272 4521 'riting
283 4454 307 4504 is
318 4454 404 4517 small,
416 4454 470 4505 and
483 4471 549 4521 very
561 4454 702 4506 besutiiul.
