2918 4980
159 512 222 569 446
342 521 615 574 cauponantur!
635 519 837 572 ABBATHIAE
856 520 904 570 ΒΕ
921 518 1105 570 wilmar.

158 690 240 749 conf.
265 686 347 751 d'uis
369 687 460 761 meis,
482 686 605 749 Abbati
632 692 664 750 et
687 686 786 748 Conr.
808 683 849 747 de
874 684 1037 767 Wbiteby,
1058 681 1298 767 longitudinem

157 785 280 849 sexcies
295 786 413 869 viginti
428 794 461 850 et
475 806 533 850 sex
553 784 673 868 pedum
688 790 790 859 terrae,
804 804 879 847 cum
898 789 986 866 pert,
1001 782 1037 845 in
1059 781 1193 866 capitali
1214 782 1298 845 tulto

158 904 230 948 meo
251 884 287 947 in
310 885 530 949 Hakcncs—a
551 887 618 960 t'ra,
641 882 719 960 scil,
741 903 813 965 quae
835 888 885 946 est
906 882 963 946 dos
985 881 1098 946 matris
1119 900 1209 957 meae,
1224 901 1298 964 quae

152 984 240 1066 jacet
258 985 355 1068 juxta
378 984 573 1059 Gildeclere,
589 1003 700 1046 versus
722 982 888 1058 orientem,
904 988 936 1045 et
959 981 1127 1065 sexaginta
1148 979 1247 1064 pedes
1261 980 1297 1044 in

158 1081 341 1160 latitudine,
364 1085 451 1147 iutra
474 1084 594 1146 toftum
623 1103 732 1146 meum
758 1102 869 1146 versus
899 1081 1083 1165 aquilonem
1112 1077 1209 1164 (94¹³),
1238 1100 1297 1164 pro

157 1183 297 1264 quadam
329 1202 457 1246 summa
485 1182 631 1266 pecuniae
661 1201 759 1264 quam
793 1179 894 1244 michi
922 1179 1081 1245 dederunt
1108 1179 1144 1242 in
1178 1199 1298 1263 magna

157 1301 275 1346 necess.
299 1280 553 1346 mea—Tenemi
577 1288 611 1345 et
631 1280 702 1344 hab.
719 1279 815 1343 dictis
837 1280 920 1343 Abb.
937 1286 969 1344 et
991 1280 1091 1344 Conv.
1106 1278 1142 1342 in
1162 1277 1194 1356 l,
1208 1298 1249 1362 p.,
1264 1282 1299 1342 et

156 1400 243 1464 perp.
264 1381 479 1446 elemosinam.
524 1381 593 1465 Ego
616 1401 698 1455 vero,
721 1378 916 1456 willelmus,
938 1386 971 1444 et
992 1379 1066 1443 haer.
1086 1377 1152 1443 mei
1166 1398 1240 1443 war.
1264 1384 1298 1442 et

157 1479 219 1545 def.
235 1481 308 1544 dict
332 1483 434 1558 t'ram,
454 1502 528 1545 cum
548 1488 637 1564 pert,
659 1481 756 1544 dictis
777 1479 859 1543 d'nis
879 1480 969 1556 meis,
983 1479 1067 1543 Abb.
1084 1483 1119 1543 et
1140 1478 1240 1542 Gonu.
1256 1478 1298 1542 de

157 1579 322 1665 Wbiteby,
337 1601 362 1645 c.
385 1601 412 1645 o.
435 1580 466 1645 ln
488 1580 524 1643 in
546 1585 745 1664 perpetuum
792 1579 833 1642 In
855 1579 947 1662 cujus
970 1599 993 1642 r.
1014 1582 1085 1642 test
1101 1596 1148 1661 pr.
1163 1596 1221 1641 scr.
1237 1577 1298 1661 sig.

156 1698 264 1743 meum
280 1680 422 1764 apposui
468 1679 544 1743 Hiis
559 1679 705 1743 testibus
750 1678 885 1742 Ricartlo
900 1677 941 1742 (le
956 1676 1073 1761 Filing,
1086 1682 1167 1742 tune
1181 1676 1297 1741 Senes·

156 1777 239 1843 callo
254 1778 321 1842 d'ni
336 1779 485 1845 Abbatis.
531 1778 757 1843 Bartholomeo
773 1779 813 1842 de
828 1777 963 1860 Scalby:
986 1785 1018 1841 et
1033 1775 1122 1841 aliia

680 2013 778 2076 DIII.

202 2153 313 2217 Sciant
326 2173 416 2237 praes.
432 2158 465 2216 et
480 2153 538 2216 sut.
555 2152 642 2235 quod
657 2172 724 2236 ego,
739 2152 772 2214 N
773 2150 916 2215 icholaus
931 2148 1054 2215 Scotte¹
1071 2151 1111 2214 de
1132 2148 1298 2228 anenes,

159 2253 199 2329 d.,
214 2273 309 2329 conc,
325 2251 386 2336 [ct]
403 2253 528 2335 quietas
544 2252 591 2327 el,
607 2251 647 2316 de
669 2272 721 2315 me
743 2257 776 2315 et
798 2250 871 2315 haar.
895 2251 984 2326 meis,
1007 2250 1089 2313 d‘nis
1110 2249 1201 2325 meis,
1222 2248 1297 2315 d'uo

159 2351 279 2413 Abbati
301 2357 334 2413 et
356 2350 455 2412 (lonv.
483 2350 522 2413 de
548 2349 712 2432 Wbiteby,
738 2369 849 2413 omnes
875 2349 958 2425 t’ras,
988 2368 1061 2412 cum
1085 2368 1168 2411 omn.
1195 2348 1297 2426 tostis,

158 2449 276 2524 croft-is,
301 2448 498 2532 messuagiis,
523 2454 556 2513 et
581 2455 658 2532 pert
686 2448 767 2525 aliis,
790 2449 825 2511 in
847 2448 957 2513 eadem
980 2468 1008 2511 v.
1033 2447 1074 2512 ad
1096 2447 1199 2512 dictas
1220 2449 1297 2512 t'ms

158 2555 247 2631 pert,
269 2567 349 2630 quas
371 2568 437 2631 ego,
460 2547 637 2612 Nieholaus
660 2547 778 2624 Scotte,
794 2554 827 2611 et
848 2554 1064 2612 antecessores
1084 2546 1149 2611 mei
1164 2546 1204 2610 de
1218 2546 1295 2611 eisd.

159 2645 242 2708 Abb.
266 2652 299 2708 et
325 2646 422 2710 Conr.
451 2646 623 2730 aliquando
650 2647 814 2711 tenuimus
841 2647 875 2709 in
899 2646 1236 2712 Hakenes—Teuend„
1263 2653 1298 2711 et

158 2744 230 2807 hab.
246 2744 323 2807 eisd.
338 2745 419 2808 Abb.
436 2750 469 2808 et
484 2746 581 2810 Conv.
598 2746 634 2810 in
649 2746 846 2810 dominicum
867 2747 937 2810 sine
959 2746 1220 2823 contradictione,
1235 2747 1296 2810 im·

157 2842 352 2927 pedimento,
367 2849 400 2907 et
415 2844 599 2928 calumpnia
613 2845 653 2909 de
668 2866 720 2909 me
735 2854 769 2909 et
783 2845 856 2909 haer.
873 2846 953 2909 meis
968 2847 1213 2930 imperpetuum
1255 2845 1296 2908 In

158 2942 251 3025 cujus
280 2963 303 3005 r.
333 2948 405 3008 test
435 2944 512 3008 huic
543 2964 599 3008 scr.
630 2944 686 3028 sig.
717 2964 826 3008 meum
856 2944 998 3028 apposui
1046 2945 1120 3009 Hiis
1149 2943 1294 3009 testibus

158 3041 308 3106 Johanue
334 3043 373 3106 de
397 3043 556 3121 Neutona,
582 3049 661 3107 tunc
692 3043 874 3108 Senescallo
904 3044 1050 3107 Abbatis.
1104 3042 1226 3107 Thoma
1255 3043 1296 3109 (le

159 3141 382 3226 Haukesgart:
405 3149 438 3207 et
452 3142 531 3207 aliis.

680 3377 771 3440 DIV.

203 3526 361 3590 Noverint
375 3523 535 3589 universi²
550 3545 608 3608 per
621 3530 794 3608 praesentes
810 3523 895 3607 quod
918 3544 986 3599 nos,
1009 3524 1114 3589 Alicia
1129 3530 1163 3589 et
1176 3525 1298 3609 Agnes,

158 3625 233 3688 filiae
244 3625 268 3689 J
268 3624 404 3688 ohannis
414 3624 500 3702 Ulfe,
515 3625 705 3700 remisimus,
720 3622 944 3698 relaxavimus
959 3630 992 3687 et
1007 3623 1188 3688 omninode
1203 3625 1297 3689 nobis

158 3729 191 3788 et
209 3724 281 3787 haer.
297 3725 414 3788 uostris
436 3725 569 3808 imperp.
591 3744 642 3807 qu.
666 3722 703 3787 cl.
720 3723 890 3806 Religionis
911 3723 997 3799 viria,
1020 3723 1101 3787 d'nis
1120 3723 1242 3787 Abbati
1260 3732 1299 3789 et

159 3824 257 3888 Conv.
273 3823 462 3888 Monastcrii
477 3824 517 3888 de
531 3822 696 3905 Wbiteby,
719 3828 752 3887 et
774 3843 884 3886 eorum
907 3842 999 3898 succ,
1015 3828 1121 3886 totum
1139 3822 1194 3905 jus
1209 3830 1242 3887 et
1256 3822 1296 3887 ol

158 3942 230 4005 quae
248 3921 427 3999 habuimus,
443 3922 496 3986 vel
519 3921 743 4005 quoquomodo
766 3920 883 3985 habere
905 3921 1092 4003 poterimus,
1114 3921 1150 3984 in
1173 3922 1241 3985 t’ris
1263 3930 1298 3986 et

158 4026 273 4084 tenem.
289 4021 324 4084 in
339 4021 502 4096 Hakcncs,
517 4040 590 4084 cum
613 4040 695 4082 omn.
712 4020 778 4083 suis
793 4026 881 4102 pert,
896 4039 968 4102 quae
986 4020 1148 4103 quondam
1164 4021 1298 4085 fuerunt

159 4120 246 4185 Petri
264 4121 339 4186 Ulfe
354 4122 388 4184 in
404 4122 557 4184 Hakcncs
568 4119 672 4182 :—Ita
687 4120 773 4202 quod
797 4140 855 4183 nec
879 4139 945 4194 nos,
960 4119 1120 4202 praedicta
1139 4119 1248 4183 Alicia
1263 4125 1298 4184 et

160 4220 277 4303 Agnes,
289 4242 347 4285 nec
359 4220 431 4283 haer.
444 4219 554 4295 nostri,
566 4239 624 4282 nec
635 4218 752 4302 aliquis
764 4219 893 4282 nomine
905 4227 1022 4296 nostro,
1038 4218 1161 4303 aliquid
1173 4220 1228 4302 jus
1243 4218 1298 4283 vel

160 4318 196 4381 cl.
214 4319 248 4383 in
271 4319 365 4402 praed.
383 4326 508 4394 tenena,
523 4338 596 4381 cunr
612 4317 679 4382 suis
694 4324 783 4400 pert,
798 4317 837 4382 de
856 4326 970 4381 caetero
992 4319 1119 4401 exigere
1134 4318 1187 4382 vel
1203 4317 1295 4382 venri

336 4481 344 4514 ¹
364 4484 412 4532 Sec
425 4481 476 4533 No.
490 4484 549 4533 496.
957 4477 968 4512 ²
986 4485 1116 4533 universio.
