2918 4980
292 543 563 599 CARTULARIUM
582 545 784 598 ABBATHIAE
803 545 852 598 DE
869 545 1057 599 wfflruer.
1176 537 1238 596 553

104 711 138 768 et
153 706 314 792 assignare
332 708 460 774 dilectis
475 710 569 774 nobis
591 710 625 774 iu
646 709 785 787 Christo,
800 710 922 775 Abbati
944 718 979 775 et
995 712 1177 777 Conventui
1200 711 1240 776 de

105 804 470 890 Whyteby-Tenenda
484 817 519 873 et
533 809 604 873 hab.
620 809 684 874 sibi
699 815 733 874 et
747 829 831 874 suco.
841 810 925 874 suis¹
940 809 1191 894 imperpetuum,
1206 817 1238 874 et

103 903 225 969 eisdem
239 906 361 970 Abbati
376 913 409 972 ot
425 908 524 973 Gonv.
540 908 580 973 de
595 907 762 992 Whyteby
778 907 865 992 quod
884 908 1088 993 mesuagium
1102 907 1185 972 illud
1207 915 1241 973 et

104 1002 195 1067 t'ram
218 1005 259 1069 ab
282 1006 394 1070 eodem
417 1006 548 1090 Nigello
569 1008 709 1091 recipere
730 1008 866 1092 possint,
888 1015 999 1074 tenore
1021 1008 1240 1092 praesentium,

103 1101 243 1168 similem
265 1103 431 1169 licentiam
446 1105 652 1170 concedimus
674 1105 858 1189 specialem,
879 1106 1027 1171 nolentes
1043 1106 1130 1190 quod
1152 1107 1239 1171 idem

104 1200 253 1284 Nigellus
275 1203 327 1267 vel
349 1203 424 1270 heer.
448 1204 508 1281 sui,
525 1213 583 1269 aut
604 1204 752 1289 praedicti
773 1204 884 1269 Abbas
906 1211 940 1269 et
962 1205 1159 1282 Conventus,
1181 1225 1240 1269 seu

104 1317 186 1365 succ.
202 1302 263 1378 sui,
277 1302 403 1367 ratione
417 1304 534 1367 statuti
548 1302 705 1388 predicti,
719 1324 777 1387 per
791 1323 849 1368 nos
864 1303 917 1368 vel
931 1304 1005 1367 heer.
1021 1309 1148 1369 nostros
1163 1304 1239 1368 inde

105 1399 349 1465 occasionantur
363 1402 398 1465 in
413 1401 532 1486 aliquo,
546 1402 600 1467 vel
614 1408 789 1487 graventur
799 1426 843 1467 :—
851 1403 956 1467 Salvis
967 1408 1077 1468 temen
1092 1403 1239 1487 capiteli-

103 1496 165 1561 bus
179 1498 273 1563 D’nis
295 1500 381 1564 feodi
404 1501 494 1566 illius
516 1501 657 1565 servitiis
679 1501 758 1565 inde
780 1501 900 1566 debitis
923 1506 957 1566 et
979 1501 1150 1567 consuetis.
1197 1501 1238 1565 In

104 1596 196 1679 cujus
211 1617 233 1661 r.
250 1603 272 1662 t.
288 1605 347 1663 eto.
392 1599 486 1665 Teste
501 1599 595 1684 Rege,
611 1600 698 1683 apud
713 1599 850 1664 Westm.
866 1600 900 1663 xi
915 1599 968 1664 die
982 1600 1084 1664 Junii.

139 1756 396 1824 DLXXXVIII.
421 1761 538 1826 Cusus.
564 1767 582 1823 2
599 1760 688 1824 Enw,
704 1777 761 1838 111,
776 1781 816 1824 m.
835 1767 883 1824 21.
928 1760 998 1824 Peo
1014 1760 1150 1823 Anesrn
1165 1775 1208 1823 nn

361 1860 535 1936 Wurruer,
550 1876 593 1924 ns
609 1860 788 1923 meaaro
804 1875 976 1922 nnrcuuoo

146 1981 215 2046 Rex
237 1983 430 2048 Vicecomiti
449 1985 553 2061 Ebor,
577 1983 724 2048 salutem.
770 1984 852 2049 Cum
881 2003 938 2066 per
959 1988 1080 2047 cartam
1102 1980 1237 2046 Domini

105 2079 250 2158 Henrici,
272 2082 435 2165 quondam
456 2083 554 2169 Regis
569 2083 706 2167 Angliae,
728 2082 840 2167 proavi
862 2081 973 2159 nostri,
988 2101 1085 2165 quem
1106 2080 1237 2165 inspex-

102 2177 197 2255 imus,
206 2199 394 2245 concessum
404 2190 455 2246 est
464 2182 584 2246 Abbati
594 2183 634 2246 de
643 2181 801 2265 Whiteby
811 2181 898 2265 quod
908 2181 1026 2265 ipse‚et
1037 2200 1236 2246 successores

103 2277 154 2338 sui
175 2278 421 2362 imperpetuum,
435 2280 569 2345 habebit
590 2281 759 2345 viridarios
782 2300 858 2344 suos
880 2279 1027 2364 proprios
1045 2279 1081 2342 in
1103 2279 1236 2344 Foresta

103 2374 144 2440 de
164 2375 331 2461 Whiteby,
353 2386 386 2443 et
410 2379 496 2463 quod
522 2378 621 2443 iidem
646 2378 792 2442 viridarii
813 2398 950 2462 quorum
976 2397 1058 2461 opus
1080 2376 1235 2441 fueritin

102 2472 198 2556 pleno
217 2476 380 2541 Comitetu
402 2483 511 2542 nostro
533 2478 638 2555 Ebor,
659 2484 757 2563 prout
779 2476 878 2541 moris
900 2482 958 2553 est,
979 2476 1149 2560 eligantur,
1170 2496 1235 2559 qua

102 2572 233 2655 quidem
255 2574 405 2640 libertate
428 2576 515 2640 idem
537 2576 657 2654 Abbas,
679 2582 712 2641 et
734 2575 985 2661 predecessores
1007 2575 1069 2652 sui,
1091 2575 1236 2639 Abbetes

101 2671 245 2755 ejusdem
268 2673 339 2750 loci,
360 2694 486 2758 semper
507 2674 665 2739 hactenus
687 2695 706 2738 e
729 2681 874 2758 tempore
897 2673 1111 2738 confectionis
1136 2682 1233 2738 cartae

99 2770 262 2855 praedictas
283 2772 521 2838 rationabiliter
542 2773 592 2837 usi
619 2778 705 2849 sunt,
728 2773 813 2837 sicut
835 2773 963 2850 dicitur,
985 2793 1023 2837 eo
1045 2772 1233 2838 Willelmus

102 2875 169 2935 atte
195 2869 311 2935 Halle²
336 2870 377 2936 de
401 2871 568 2955 Whiteby,
594 2892 697 2956 nuper
721 2892 806 2935 unus
836 2870 1061 2936 viridariorum
1093 2872 1232 2937 Forestse

99 2967 269 3050 praedictae,
280 2969 367 3033 diem
381 2969 534 3034 clauserit
549 2978 730 3035 extremum
746 2970 976 3053 uteccepimus
987 2969 1112 3035 :-Tibi
1122 2970 1232 3055 praeci-

98 3066 206 3150 pimus
228 3068 314 3151 quod
329 3069 358 3133 si
372 3069 420 3132 ite
435 3075 493 3145 est,
508 3075 586 3133 tunc
601 3069 637 3132 in
650 3068 748 3153 pleno
764 3069 929 3133 comitatu
952 3073 1019 3145 tuo,
1034 3068 1075 3132 de
1097 3088 1233 3134 assensu

63 3207 68 3216 ·
99 3164 244 3248 ejusdem
258 3167 449 3243 Comitatus,
460 3166 530 3232 loco
539 3167 641 3251 ipsius
651 3166 810 3231 Willelmi
820 3187 921 3231 unum
932 3166 1032 3230 elium
1043 3166 1232 3231 viridarium

98 3262 174 3347 eligi
188 3264 325 3343 faciatis,
340 3265 406 3349 qui,
414 3265 560 3349 praestito
575 3271 783 3340 sacramento,
797 3271 894 3347 prout
909 3264 1006 3329 moris
1022 3271 1080 3341 est,
1095 3285 1136 3329 ex
1152 3273 1232 3329 tunc

99 3380 137 3425 ea
162 3362 262 3427 faciat
285 3369 317 3428 et
340 3372 509 3428 conservet
532 3385 604 3448 quae
626 3364 665 3428 ed
688 3363 829 3428 officium
844 3362 989 3426 viridarii
1010 3363 1175 3446 pertinent
1195 3363 1231 3426 in

97 3460 230 3526 Foresta
250 3462 425 3546 praedicta:
448 3470 481 3527 et
501 3463 599 3528 talem
614 3482 688 3526 euru
705 3461 782 3547 eligi
796 3461 923 3525 faciatis
938 3461 995 3544 qui
1010 3460 1128 3525 melius
1150 3461 1231 3526 sciat

95 3564 128 3623 et
138 3561 242 3644 possit
251 3559 354 3625 officio
364 3561 415 3625 illi
426 3561 610 3626 intendere:
633 3567 667 3625 et
682 3581 798 3625 nomeu
809 3561 878 3644 ejus
891 3559 983 3624 nobis
998 3559 1078 3624 scire
1093 3559 1229 3625 faciatis.

99 3657 193 3724 Teste
210 3659 305 3742 Rege,
321 3659 407 3744 apud
422 3659 583 3725 Evcsham
601 3666 640 3723 25
653 3660 675 3724 J
678 3680 741 3724 une
757 3659 880 3742 [13281.

551 3819 774 3886 DLXXXIX

139 3945 334 4029 compotus³
349 3946 485 4009 fratrum
501 3944 658 4029 Stephani
673 3944 713 4009 de
729 3943 886 4028 Ormesby
901 3950 935 4009 et
950 3945 1039 4010 Will.
1056 3945 1096 4010 de
1107 3946 1227 4011 Delton

94 4042 135 4106 de
161 4042 266 4109 officio
292 4043 444 4121 Burssrii,
468 4064 487 4109 a
509 4045 592 4110 festo
615 4043 645 4109 S.
669 4043 805 4107 Martini
826 4043 862 4107 in
884 4044 1009 4128 hyeme,
1032 4045 1129 4110 Anno
1151 4045 1229 4109 D’ni

129 4151 138 4184 ¹
155 4172 236 4207 suam.

128 4235 139 4270 ¹
156 4239 206 4290 See
218 4239 282 4292 Nos.
303 4242 327 4300 9,
345 4241 384 4301 11,
404 4241 443 4301 12,
457 4241 500 4300 20,
513 4241 574 4301 468,
588 4239 648 4299 477,
662 4237 715 4288 aud
727 4241 785 4294 479.
825 4238 867 4288 He
879 4237 902 4288 is
912 4238 1016 4303 usually
1029 4238 1113 4289 called
1127 4243 1143 4266 ‘⁴
1153 4239 1226 4290 Will.

91 4319 125 4371 de
139 4320 209 4371 Aula
220 4320 254 4372 de
267 4320 420 4387 Whiteby,”
432 4323 460 4372 in
473 4321 568 4382 Latin3
589 4322 739 4371 sometimes
752 4321 779 4370 in
792 4320 902 4381 Freuch,
918 4326 935 4349 “
944 4319 977 4371 de
990 4320 1017 4370 la
1028 4321 1088 4372 Sele
1098 4320 1121 4382 ;”
1133 4320 1187 4372 and
1199 4338 1228 4372 as

92 4402 163 4464 here,
176 4402 213 4468 by
225 4403 268 4455 his
279 4404 373 4470 purely
385 4403 495 4472 English
507 4403 681 4470 designation,
697 4407 714 4432 ‘⁸
723 4408 779 4454 atte
794 4403 870 4454 Helle
882 4402 915 4454 dc
925 4401 1079 4468 Whiteby.’'

127 4483 139 4518 ³
156 4485 213 4537 The
231 4487 307 4538 three
326 4487 520 4548 account-rolls,
542 4488 569 4537 ol
588 4487 673 4537 which
692 4487 779 4553 copies
797 4502 841 4537 are
853 4485 932 4553 given
944 4485 1029 4536 under
1040 4485 1094 4537 this
1106 4486 1218 4537 number
