2918 4980
350 480 621 533 OARTULARIUM
640 479 843 531 ABBATHlAE
861 480 910 531 DE
928 480 987 531 WB
994 482 1112 534 ΙΤΕΒῩ.
1236 475 1298 532 493

162 645 279 709 debere
303 645 342 708 ad
364 645 521 708 vicarium
544 649 736 727 perpetuum
761 644 796 708 in
822 645 909 708 dicta
932 646 1029 721 Eccl,
1044 653 1081 711 ut
1107 649 1299 731 praedicitur,

161 746 281 810 futuris
303 747 501 829 temporibus
523 746 686 828 perpetuis
708 746 911 822 serviturum,
933 748 1100 830 ipsamque
1120 750 1300 831 portionem

161 844 198 907 in
213 846 388 928 premissis
403 845 584 929 specialiter
606 845 776 909 reservatis
799 847 972 912 consistere
995 847 1116 923 debere,
1132 848 1299 933 ipsamque

161 946 343 1028 portionem
358 946 423 1009 fere
439 966 611 1030 congruam
626 966 684 1028 pro
701 946 811 1009 eodem
828 944 936 1028 (1531’)
952 966 992 1010 ex
1008 968 1072 1031 qua
1087 948 1298 1032 com[m]ode¹

162 1046 340 1109 sustentari
362 1045 477 1122 valeat,
500 1054 533 1109 et
556 1045 749 1128 episcopalia
772 1046 846 1128 jura
871 1046 1002 1123 solvere,
1026 1047 1152 1130 aliaque
1174 1049 1298 1113 incum-

161 1143 274 1209 bentia
288 1166 384 1210 onera
398 1145 724 1232 supportare—videl.
737 1146 883 1209 invenire
897 1145 1079 1229 capellanos
1091 1148 1147 1230 qui
1164 1149 1300 1214 ubilibet

160 1243 198 1306 in
214 1244 301 1308 dicta
315 1244 467 1328 parochia
481 1253 715 1309 consueverant
734 1245 891 1308 inveniri:
914 1245 991 1309 item
1008 1267 1111 1310 unum
1126 1247 1297 1313 diaconum

161 1342 199 1407 in
223 1343 310 1408 dicta
335 1343 410 1409 eccl
438 1345 478 1408 de
505 1345 616 1409 Semar
637 1345 883 1420 ministrantem,
906 1353 1002 1428 prout
1025 1348 1174 1411 Rectores
1197 1350 1298 1432 ejusd.

161 1442 238 1507 eccl
277 1453 510 1508 consueverant
546 1444 711 1508 invenire:
742 1444 819 1508 item
849 1445 1007 1509 luminare
1041 1457 1225 1530 competens
1262 1450 1297 1513 in

161 1543 268 1621 choro,
291 1550 324 1608 et
350 1550 537 1608 ornamenta
563 1565 600 1608 ac
626 1544 827 1621 vestimenta,
850 1553 882 1608 et
909 1545 972 1608 alia
998 1554 1185 1612 ornamenta
1215 1550 1298 1614 circa

162 1642 273 1719 altare,
298 1643 396 1708 libros
426 1651 460 1707 et
486 1644 550 1707 alia
575 1664 775 1727 quaecunque
801 1653 989 1709 ornamenta
1014 1647 1050 1709 in
1073 1647 1185 1726 ch0r0;
1207 1655 1240 1712 et
1260 1671 1298 1713 ea

162 1742 272 1806 omnia
294 1750 363 1807 tam
391 1744 546 1821 inveniat,
570 1764 675 1827 quam,
700 1745 849 1826 quotiens
873 1765 954 1827 opus
985 1745 1091 1821 fuerit,
1115 1747 1236 1811 reficiat
1265 1756 1298 1813 et

162 1842 328 1906 emendet:
358 1843 436 1906 item
466 1843 571 1906 solvat
592 1842 678 1914 idem
700 1844 847 1919 vicarius,
870 1844 926 1925 qui
948 1865 1005 1926 pro
1027 1851 1169 1927 tempore
1192 1846 1298 1924 fuerit,

162 1941 398 2006 Archidiacono
428 1942 594 2025 Estriding
622 1941 779 2017 visitanti,
809 1943 1062 2024 procurationem
1092 1951 1297 2010 consuetam:

160 2042 242 2106 item
264 2041 450 2126 synodalia:
476 2042 555 2106 item
577 2040 682 2105 solvat
708 2048 741 2104 et
766 2042 881 2104 subeat
902 2041 966 2104 alia
987 2063 1083 2105 onera
1105 2044 1298 2127 episcopalia

160 2141 266 2206 eidem
289 2142 364 2206 eccl.
388 2141 626 2205 incumbentia:
656 2141 734 2203 item
757 2141 871 2204 subeat
895 2149 927 2204 et
949 2141 1053 2204 solvat
1075 2163 1171 2206 onera
1192 2154 1296 2208 extra·

160 2241 323 2306 ordinaria
343 2261 401 2324 pro
423 2250 538 2324 quarta
560 2247 651 2324 parte
672 2241 847 2303 taxationis
869 2241 943 2304 eccl.
969 2242 1167 2324 supradictae.
1213 2245 1296 2308 Oan-

160 2341 236 2406 celli
251 2362 325 2406 vero
340 2342 611 2406 constructionem
628 2361 753 2417 novam,
769 2341 796 2403 si
812 2342 990 2425 contigerit,
1005 2362 1042 2405 ac
1064 2344 1297 2426 reparationem

161 2452 196 2510 et
209 2445 467 2511 emendationem
483 2444 636 2528 ejusdem,
652 2445 800 2527 quotiens
823 2445 1007 2528 indiguerit,
1022 2447 1062 2509 ad
1077 2445 1179 2511 dictos
1195 2448 1295 2533 Relig.

160 2545 313 2609 volumus
342 2545 508 2628 pertinere.
556 2544 597 2607 In
627 2564 764 2627 quorum
794 2544 939 2607 omniurn
969 2551 1040 2609 test.
1071 2565 1210 2628 praesens
1240 2568 1297 2630 per

162 2645 337 2709 Ricardum
357 2645 414 2708 'de
452 2644 653 2720 Snoweshill,
691 2645 1043 2728 Notarium-publicum
1081 2654 1114 2710 et
1153 2647 1295 2712 Scribam

162 2752 317 2819 nostrum,
338 2744 445 2819 scribi,
468 2752 500 2807 et
523 2744 613 2827 signo
636 2744 706 2826 ejus
729 2751 890 2818 consuete,
913 2764 950 2806 ac
972 2764 1029 2827 per
1050 2744 1073 2807 J
1075 2744 1235 2810 ohannem
1257 2748 1297 2812 de

163 2843 364 2926 Hakthorpe,
390 2842 753 2926 Notarium-publicum,
781 2843 947 2919 subscribi,
974 2850 1007 2906 et
1027 2844 1118 2926 signo
1141 2866 1198 2908 suo
1222 2866 1296 2909 con·

160 2952 254 3008 sueto
276 2944 397 3028 signari
419 2943 620 3018 mandamus,
635 2949 668 3005 et
690 2942 788 3026 sigilli
812 2943 913 3006 nostri
936 2943 1143 3026 impressione
1165 2946 1294 3009 muniri.

162 3047 283 3109 Actum
306 3052 340 3108 et
361 3042 474 3106 datum
491 3042 575 3125 apud
591 3042 717 3126 Thorpe
732 3063 830 3127 prope
853 3043 956 3119 Ebor,
973 3043 1019 3106 vii
1036 3044 1082 3107 Id.
1099 3045 1296 3122 Decembris,

159 3145 198 3208 Α
214 3144 268 3208 Gr.
291 3141 464 3206 millesimo
480 3143 705 3208 trecentesimo
728 3141 1006 3218 vicesimotertio,
1029 3148 1061 3206 et
1083 3143 1295 3209 Pontificatus

160 3243 264 3308 nostri
279 3242 424 3327 septimo.

308 3480 414 3543 DLII.
431 3479 524 3562 (154)
548 3477 760 3542 Iusrrrrrro²
775 3478 947 3540 Eccorsrrs
963 3493 1005 3540 on
1021 3477 1141 3541 Souis.

205 3618 363 3683 Noverint
399 3617 539 3680 universi
574 3636 709 3700 quorum
746 3616 880 3678 interest
909 3615 996 3697 quod
1025 3635 1091 3690 nos,
1128 3616 1295 3681 Dionisius

159 3718 308 3795 Avenell‚
322 3717 575 3780 Archidiaconus
595 3715 768 3798 Fstn'ding,
784 3714 987 3778 concedimus
1003 3716 1088 3798 quod
1112 3715 1209 3801 Relig.
1225 3718 1296 3793 viri,

160 3818 270 3882 Abbas
297 3825 329 3881 et
358 3817 457 3881 Conv.
481 3817 619 3879 Monast.
652 3814 691 3879 de
720 3814 886 3898 Wbiteby,
912 3815 1031 3897 quibus
1055 3814 1127 3878 eccl.
1151 3817 1295 3899 parochi·

159 3917 219 3982 alis
242 3916 282 3981 de
308 3916 419 3980 Semar
448 3937 504 3999 per
529 3914 745 3979 venerabilem
769 3921 895 3997 patrem
928 3915 1050 3978 D’num
1084 3916 1294 3993 Willelmum,

73 4091 76 4097 ,
158 4017 221 4082 Dei
250 4038 294 4100 gr.
322 4017 414 4080 Ebor.
444 4015 657 4098 Archiep’um,
687 4015 814 4098 Angliae
843 4015 1028 4090 Primatem,
1058 4035 1206 4079 concessa
1236 4025 1293 4094 est,

158 4117 348 4181 auctoritate
363 4116 516 4200 Apostol,
533 4116 566 4177 in
583 4136 659 4178 usus
682 4135 756 4178 suos
778 4136 881 4199 propr.
899 4116 1030 4199 imperp.
1054 4115 1239 4195 retinenda;
1262 4125 1295 4181 et

158 4218 256 4281 ctiam
278 4217 318 4280 de
341 4215 450 4280 eadem
473 4215 604 4298 speciali
623 4215 725 4295 gratia
748 4223 797 4279 est
819 4235 1012 4291 concessum,
1027 4222 1073 4291 ut,
1096 4214 1197 4297 ipsius
1220 4215 1293 4279 eccl.

158 4314 293 4380 Rectore
304 4316 361 4399 qui
372 4322 450 4379 tunc
462 4315 527 4378 fuit
541 4315 683 4390 cedente,
694 4314 748 4378 vel
759 4315 856 4379 etiam
872 4315 1052 4390 decedente,
1063 4315 1294 4397 possessiouem

265 4440 273 4472 ¹
293 4441 405 4492 consocio.
800 4435 872 4490 ²See
885 4438 1024 4507 preceding
1036 4437 1186 4488 document.
