2918 4980
262 491 533 543 CARTULARIUM
553 492 757 544 ABBATHIAE
775 491 825 543 DE
842 490 1029 542 WHITEBY.
1148 475 1209 535 383

521 730 761 795 CCCCXXlX.

118 864 278 929 Omnibus
301 864 359 930 has
381 865 507 930 litteras
533 866 592 930 vis.
615 864 670 928 vel
692 864 773 941 aud,
795 863 979 928 Willelmus
1002 863 1149 927 Wirfaue
1172 861 1211 926 de

73 962 266 1028 Hilderwell
289 963 345 1028 sal.
362 970 513 1029 aeternam
537 965 572 1027 in
594 965 744 1028 Domino.
789 963 906 1027 Sciatis
931 983 983 1026 me
1006 961 1046 1038 d.,
1061 981 1157 1038 cona,
1179 965 1211 1024 et

73 1062 134 1127 hae
157 1084 247 1147 praes.
264 1085 289 1128 c.
305 1085 377 1128 mea
399 1065 481 1128 oonf.
498 1084 555 1148 pro
571 1084 595 1128 s.
611 1064 727 1126 animae
749 1083 829 1126 meae
844 1069 877 1126 et
891 1068 1043 1127 antecess.
1060 1080 1212 1135 meorum,

25 1234 28 1239 ¹
74 1163 146 1227 Deo
161 1170 195 1227 et
210 1163 296 1227 Eool.
312 1165 348 1227 B.
365 1164 452 1227 Petri
468 1169 501 1227 et
517 1163 548 1226 S.
565 1162 674 1225 Hildae
698 1162 737 1225 de
753 1161 919 1245 Whiteby,
934 1168 968 1224 et
982 1160 1126 1244 ejusdem
1149 1158 1212 1222 loci

74 1261 198 1325 Abbati
221 1269 255 1326 et
277 1263 386 1339 Conu,
402 1262 482 1325 duas
504 1262 575 1325 bov.
591 1263 658 1324 t'rae
680 1263 715 1323 in
736 1260 870 1324 t’ritorio
897 1259 936 1323 de
960 1257 1213 1322 Hilderwella—

74 1361 148 1424 illas
171 1361 239 1426 soil.
263 1362 333 1425 bov.
356 1363 423 1425 t’rae
438 1381 510 1444 qnae
528 1361 641 1444 jacent
662 1360 906 1444 propinquiores
929 1365 1065 1442 quatuor
1087 1356 1212 1421 bovatis

74 1461 142 1524 t’rae
164 1480 244 1544 quas
268 1460 433 1536 Osbertus,
448 1468 540 1544 pater
562 1480 661 1536 meus,
677 1459 766 1523 dedit
786 1460 881 1542 praed.
905 1459 989 1523 Eool.
1013 1477 1124 1521 versus
1147 1477 1212 1520 me

74 1558 200 1635 ridiem,
212 1578 285 1623 oum
295 1559 377 1622 tofto
394 1566 427 1622 et
442 1560 553 1636 orosto,
565 1555 651 1642 (36¹²)
663 1579 735 1641 quae
746 1559 857 1642 jacent
871 1558 957 1623 inter
971 1558 1062 1622 t'ram
1077 1555 1213 1619 Walteri

75 1658 116 1723 de
132 1659 287 1722 Brottona
302 1664 335 1722 et
351 1658 490 1722 Galfridi
505 1658 545 1722 de
557 1656 716 1740 Ilverley,1
739 1678 814 1721 oum
825 1678 908 1721 omn.
920 1655 1129 1740 pertinenciis
1145 1655 1213 1719 suis

76 1757 288 1822 -Tenendas
313 1764 345 1822 et
367 1756 529 1822 habendas
551 1757 649 1821 dictis
670 1757 794 1820 Abbati
816 1763 848 1821 at
871 1758 970 1822 Conv,
994 1756 1059 1830 lib,
1082 1755 1213 1838 integre,

77 1856 187 1941 quiete
203 1865 237 1922 et
251 1857 365 1935 solute,
381 1879 455 1922 oum
477 1858 627 1921 omnibus
650 1862 727 1940 pert.
745 1857 821 1934 suis,
837 1856 1041 1921 libertatibus
1064 1862 1097 1918 et
1118 1854 1211 1918 aisia-

76 1958 195 2022 mentis
210 1959 294 2021 infra
308 1979 338 2021 v.
354 1965 387 2021 et
402 1964 501 2034 extra,
516 1978 614 2041 prope
630 1964 662 2020 et
676 1956 799 2040 procul,
813 1957 848 2019 in
864 1956 1014 2020 omnibus
1029 1960 1061 2018 et
1084 1954 1214 2038 ubique,

76 2057 112 2120 in
138 2056 203 2133 Ιώ,
229 2077 307 2140 pun,
334 2056 398 2139 qui.
422 2065 456 2120 et
480 2076 568 2139 perp.
592 2055 693 2132 elem,
723 2055 792 2119 sine
814 2054 903 2118 omni
926 2053 1157 2136 impedimento
1181 2059 1212 2116 et

76 2162 305 2220 retenemento.
351 2155 394 2219 Et
416 2176 472 2238 ego
495 2155 681 2219 Willelmus
704 2163 738 2218 et
760 2155 834 2220 haer.
849 2155 914 2217 mei
929 2154 1024 2238 praed.
1045 2153 1115 2216 bor.
1139 2152 1214 2228 t'rae,

76 2275 152 2319 oum
167 2255 253 2319 dioto
269 2255 351 2318 tofto
367 2259 399 2318 et
414 2255 524 2331 orosto,
539 2275 613 2319 oum
628 2260 708 2338 pert.
724 2254 800 2330 suis,
816 2253 911 2318 dictis
929 2253 1050 2316 Abbati
1065 2259 1097 2316 et
1113 2252 1211 2315 Conv.

76 2355 113 2418 in
134 2355 199 2432 Ιώ,
214 2375 291 2438 pur,
307 2374 360 2437 qn
376 2363 409 2418 et
423 2375 510 2438 perp.
527 2354 734 2418 elemosinam
749 2374 774 2418 o.
791 2375 818 2418 0.
834 2353 863 2418 h.
880 2360 913 2417 et
927 2353 948 2418 f.
964 2373 1036 2416 war.
1054 2358 1087 2415 et
1102 2351 1163 2415 def.
1180 2359 1212 2415 et

76 2453 337 2537 adquietabimus
359 2454 605 2536 imperpetuum.
652 2454 694 2516 Et
712 2460 749 2516 ut
763 2453 832 2517 haeo
847 2473 919 2517 mea
935 2452 1066 2517 donatio
1088 2457 1158 2515 rata
1181 2458 1214 2515 et

77 2553 188 2636 quieta
220 2552 410 2636 stabilisque
439 2561 626 2636 permaneat
662 2553 908 2636 imperpetuum,
939 2573 1028 2636 praes.
1064 2573 1122 2616 scr.
1157 2551 1213 2636 sig.

77 2671 187 2716 meum
202 2650 345 2737 apposui.
391 2651 467 2716 Hiis
482 2652 627 2716 testibus.
652 2702 658 2716 .
683 2701 720 2717 ..

536 2825 756 2890 CCCCXXX.

122 2963 235 3027 Sciant
250 2982 370 3039 omnes,
385 2970 452 3026 tam
468 2983 513 3046 pr.
529 2983 627 3046 quam
643 2963 711 3039 fut,
723 2962 811 3045 quod
826 2982 892 3046 ego,
903 2962 1040 3026 Thomas
1053 2962 1167 3038 Welle,
1181 2967 1214 3026 et

79 3061 185 3125 Alicia
207 3082 290 3126 uxor
311 3081 390 3138 mea,
413 3082 470 3145 pro
493 3062 548 3125 sal.
573 3062 753 3125 animarum
778 3067 968 3138 nostrarum,
990 3062 1214 3138 concessimus,

79 3159 149 3224 ded.
159 3168 193 3225 et
207 3159 267 3224 hae
282 3181 327 3244 pr.
338 3182 363 3225 o.
374 3169 484 3225 nostra
498 3161 580 3225 conf.
592 3161 663 3225 Deo
679 3168 712 3225 et
726 3161 811 3225 Eeol.
823 3161 852 3224 S.
866 3161 954 3224 Petri
966 3167 998 3225 et
1010 3161 1040 3224 S.
1051 3161 1161 3224 Hildae
1175 3161 1214 3225 de

79 3259 245 3343 Whiteby,
254 3268 287 3324 et
301 3261 425 3324 Abbati
440 3267 474 3325 et
488 3260 727 3343 mo(37)nachis
739 3260 815 3324 ibid.
825 3260 895 3324 Deo
907 3260 1121 3324 servientibus
1134 3261 1213 3324 duas

79 3378 168 3423 aeras
182 3359 250 3422 t’rae
265 3359 396 3423 arabilis
418 3359 455 3422 in
476 3360 611 3424 t'ritorio
635 3359 674 3423 de
697 3358 915 3435 Hilderwella‚
931 3378 1005 3423 oum
1028 3379 1112 3422 omn.
1134 3366 1214 3442 pert.

79 3455 163 3520 infra
186 3478 215 3521 v.
241 3465 275 3521 et
300 3458 509 3522 extra-illas
533 3458 599 3522 scil.
616 3479 687 3541 quae
699 3459 811 3540 jacent
831 3458 918 3522 inter
939 3459 1031 3521 t'ram
1053 3459 1151 3521 Alani
1175 3458 1215 3522 de

81 3556 204 3620 Cotona
226 3562 259 3620 et
281 3557 372 3619 t’rarn
394 3557 529 3641 Agnetis
556 3557 670 3620 sororis
693 3556 979 3620 suae—Habendas
1006 3562 1038 3620 et
1060 3557 1216 3620 tenendas

79 3655 145 3719 illis
168 3655 203 3718 in
225 3654 290 3732 lib,
311 3676 379 3739 pur.
396 3662 428 3720 et
449 3677 536 3740 perp.
560 3655 774 3720 elemosinam.
819 3656 888 3719 Nos
911 3675 987 3719 vero
1010 3655 1112 3720 dictas
1136 3656 1215 3720 duas

81 3774 168 3818 aeras
190 3755 258 3818 t'rae
280 3754 359 3818 adeo
381 3775 460 3838 pure
476 3761 508 3818 et
523 3755 629 3819 solute
652 3754 800 3818 dedimus
815 3753 977 3837 praedictis
1000 3753 1153 3818 Ecclesiae
1176 3753 1216 3818 de

80 3852 246 3936 Whiteby,
260 3852 384 3916 Abbati
406 3862 439 3917 et
462 3853 645 3918 Conventui
669 3853 813 3935 ejusdem
828 3852 899 3929 loci,
914 3853 1000 3936 qnod
1015 3852 1116 3917 niohil
1139 3852 1215 3916 inde
1232 3842 1235 3847 ’

80 3952 173 4016 nobis
195 3953 372 4016 retinemus
387 3953 452 4017 nisi
469 3953 688 4017 defensionem
711 3961 743 4017 et
765 3953 1067 4016 warantizationem.
1113 3953 1155 4016 Et
1178 3959 1217 4015 ut

79 4049 147 4113 haec
162 4055 273 4113 nostra
288 4050 419 4115 donatio
441 4057 633 4134 perpetuum
649 4051 745 4114 robur
766 4051 911 4135 optineat
925 4071 1016 4134 praes.
1033 4072 1091 4116 sor.
1107 4051 1216 4136 sigilla

81 4155 188 4214 nostra
203 4151 419 4234 apposuimus
465 4151 541 4215 Hiis
556 4151 703 4214 testibus.
727 4200 733 4215 .
757 4200 764 4215 .
788 4201 794 4215 .

115 4285 124 4320 ¹
143 4286 280 4339 Galiridus
300 4287 334 4339 de
355 4287 471 4354 Evarley
488 4289 511 4339 is
531 4289 682 4339 corritneas
701 4288 768 4339 with
788 4288 860 4339 Will.
886 4288 919 4339 da
940 4288 1061 4354 Evarley,
1084 4287 1161 4339 d'nua
1180 4288 1214 4339 de

81 4369 260 4437 Ugelbardby,
279 4375 308 4421 to
326 4371 377 4425 No.
392 4374 434 4434 24,
448 4388 464 4421 a
482 4372 634 4423 conoesaiou
655 4370 691 4437 by
708 4371 800 4423 Abbot
817 4371 936 4422 William
955 4386 997 4424 111.
1013 4371 1055 4436 (da
1073 4371 1214 4433 Kirkbam)

80 4453 140 4504 who
152 4453 216 4504 died
227 4454 256 4504 in
271 4456 347 4508 1304.
