2918 4980
313 509 588 563 CARTULARIUM
606 510 809 562 ABBATHIAE
827 511 876 562 DE
894 511 1082 563 WHI'I'EBY.
1196 497 1257 554 635

121 684 186 749 hiis
222 685 407 764 indentura,
437 692 470 752 et
507 687 547 751 de
578 687 731 752 omnibus
760 687 1106 764 administrationibus,
1137 685 1260 761 officiis,

121 783 252 849 ballivis
281 793 314 850 et
343 786 509 864 custodiis,
537 792 606 849 tarn
635 786 672 850 in
702 788 903 853 Monasterio
931 808 1031 871 quam
1056 791 1156 863 extra,
1183 789 1259 848 ante

121 882 241 946 festum
264 884 295 949 S.
311 885 448 948 Martini
470 885 624 949 reddatur
643 885 740 951 finale
755 893 942 971 compotum
957 907 1065 950 coram
1081 885 1210 950 Abbate
1226 887 1259 946 et

120 989 259 1064 quatuor
280 983 333 1047 ve]
355 984 501 1068 quinque
524 984 704 1049 senioribus
719 990 751 1050 et
766 986 1008 1050 discretioribus
1023 986 1062 1050 de
1079 986 1260 1056 conventu,

121 1081 168 1144 ita
190 1086 235 1158 ut,
258 1082 371 1146 audito
393 1081 483 1146 finali
504 1089 664 1166 compoto,
685 1088 776 1148 totus
798 1090 902 1148 status
924 1084 1050 1148 Domus
1073 1081 1258 1149 Conventui

122 1180 320 1246 ostendatur.

167 1280 261 1358 Item,
290 1279 410 1356 Abbas,
439 1287 568 1365 recepto
605 1282 666 1346 hoc
703 1283 841 1357 decreto,
866 1283 937 1367 ipse
966 1287 1000 1348 et
1029 1283 1085 1347 alii
1113 1280 1258 1365 quinque

121 1377 173 1442 vel
203 1399 260 1442 sex
289 1379 330 1444 de
355 1379 587 1445 maturioribus
613 1386 646 1444 et
672 1381 914 1447 discretioribus
940 1382 1107 1446 monachis
1132 1380 1258 1444 Domus

121 1483 309 1561 compotum
342 1477 501 1542 bonorum
531 1479 675 1562 ejusdem
704 1480 745 1544 de
774 1481 925 1545 omnibus
953 1480 1101 1545 officiatis
1130 1497 1258 1543 monas·

120 1577 204 1653 terii,
239 1583 307 1641 tam
344 1576 431 1641 infra
467 1596 565 1659 quam
602 1585 703 1655 extra,
739 1578 798 1661 qui
834 1579 875 1642 ad
912 1584 1063 1662 compota
1096 1575 1259 1642 reddenda

122 1680 283 1752 tenentur,
316 1674 478 1759 exquisite
512 1675 657 1753 audiant,
692 1683 726 1741 et
756 1698 793 1741 eo
827 1677 938 1741 audito
974 1682 1081 1741 status
1113 1675 1258 1758 ejusdem

123 1774 314 1837 Monosterii
335 1775 398 1838 toti
415 1773 599 1839 Conventui
621 1775 656 1837 in
672 1774 823 1858 Capitulo
839 1775 1039 1859 integraliter
1060 1774 1258 1839 ostendatur.

122 1870 216 1948 Item,
231 1872 349 1947 Abbas,
366 1873 466 1949 Prior,
481 1873 535 1937 vcl
557 1872 642 1936 alius
665 1874 846 1957 Religiosus
867 1881 925 1938 aut
947 1873 1108 1937 saecularis
1131 1871 1259 1936 nullum

121 1971 290 2048 famulum,
318 1973 509 2055 garcionem,
539 1974 591 2036 vel
628 1974 764 2038 alterius
801 1973 1000 2038 conditionis
1029 1972 1194 2037 hominem
1224 1971 1259 2032 in

120 2091 249 2134 servum
264 2072 403 2136 retineat
418 2072 475 2155 qui
490 2071 613 2134 Domui
627 2072 671 2135 sit
686 2092 848 2149 onerosus,
859 2071 1039 2156 superfluus
1054 2070 1108 2135 vel
1122 2070 1261 2143 inutilis,

122 2171 297 2244 autetiam
320 2191 417 2254 super
438 2171 682 2235 incontinentiae
704 2171 796 2247 vitio,
811 2171 864 2236 vel
886 2171 950 2235 alio
972 2172 1107 2236 crimine
1121 2171 1261 2255 graviter

124 2270 317 2335 diffametur.
363 2271 450 2334 item
479 2291 648 2335 monemus
677 2271 851 2349 Abbatem,
873 2272 1027 2348 Priorem,
1053 2277 1086 2336 et
1115 2271 1259 2354 singulos

123 2371 297 2436 monachos
319 2372 360 2435 de
387 2370 568 2448 Conventu,
590 2371 626 2434 in
649 2371 773 2437 virtute
795 2371 999 2447 obedientiae,
1021 2378 1054 2435 et
1076 2371 1137 2434 sub
1162 2389 1260 2454 poena

123 2469 337 2533 districtionis
372 2468 544 2533 Canonicae
574 2470 662 2553 quod
693 2490 791 2534 canes
819 2476 993 2534 voraturos
1022 2469 1177 2553 proprios,
1207 2467 1261 2532 vel

124 2568 255 2644 alienos,
276 2570 312 2632 in
326 2570 448 2632 *Domo
471 2569 511 2634 de
533 2576 648 2635 caetero
674 2590 740 2634 non
765 2574 908 2646 teneant,
932 2589 993 2634 nec
1019 2568 1194 2633 admittant
1220 2568 1261 2632 ad

123 2665 391 2752 [indemptsrubla]
404 2670 439 2731 in
454 2670 569 2747 Domo,
584 2669 648 2734 nisi
663 2669 835 2733 dumtaxat
849 2669 923 2734 illos
938 2669 996 2754 qui
1012 2669 1134 2733 Domui
1149 2687 1259 2732 neces-

123 2766 200 2829 sarii
225 2767 277 2831 vel
304 2768 402 2832 utiles
433 2788 503 2832 esse
532 2775 682 2851 possent:
705 2775 740 2834 et
767 2769 969 2834 custodiatur
994 2768 1099 2833 hostia
1125 2767 1259 2831 claustri

122 2865 201 2930 adeo
223 2868 309 2950 quod
331 2867 443 2930 nullus
465 2868 555 2931 canis
576 2868 776 2952 ingrediatur
797 2868 995 2932 claustrum:
1017 2868 1161 2952 praebens
1183 2887 1259 2931 vero

121 2967 194 3031 cani
205 2967 391 3050 hujusmodi
403 2967 568 3049 ingressus
581 2967 773 3050 corripiatur
783 2974 815 3031 et
826 2968 928 3051 rigide
939 2968 1121 3052 castigetur.
1165 2967 1261 3043 Item,

123 3075 254 3150 propter·
279 3068 387 3150 gravia
411 3087 509 3131 onera
535 3067 729 3144 debitorum,
750 3069 978 3144 corrodiorum,
999 3069 1202 3151 pensionum,
1226 3074 1260 3130 et

121 3166 358 3241 liberationum,
373 3171 410 3227 ut
432 3165 580 3248 superius
602 3172 652 3229 est
673 3187 869 3248 expressum,
884 3167 1068 3230 inhibemus
1090 3165 1261 3241 Abbatem,

122 3264 184 3326 sub
206 3284 303 3345 paena
325 3263 536 3347 depositionis
558 3263 599 3326 ab
620 3264 735 3339 officio,
749 3265 938 3347 caeterisque
960 3264 1097 3347 singulis
1120 3264 1160 3327 de
1175 3264 1259 3329 Con-

123 3368 224 3425 ventu
250 3363 310 3426 sub
340 3383 437 3445 poena
466 3362 811 3427 excommunicationis
840 3362 979 3445 majoris,
1006 3383 1047 3425 ne
1076 3362 1116 3426 de
1146 3369 1261 3426 caetero

124 3481 294 3525 conversos
316 3461 357 3525 ad
379 3461 528 3525 habitum
551 3462 782 3526 monachorum
805 3462 940 3524 fratrum
966 3460 1018 3526 vel
1034 3480 1259 3525 conversorum

123 3561 308 3637 admittant,
331 3561 512 3645 pensiones,
532 3559 683 3637 corrodia,
706 3558 759 3624 vel
783 3560 991 3624 liberationes
1013 3558 1260 3644 quibuscunque

123 3661 268 3743 personis
283 3661 473 3736 concedant,
488 3659 693 3724 venditiones
711 3660 888 3737 boscorum,
903 3680 961 3724 seu
976 3659 1173 3737 donationes,
1187 3682 1259 3744 quse

124 3760 165 3823 ad
195 3760 337 3824 notabile
367 3767 497 3824 vastum
526 3764 680 3844 poterunt
709 3759 865 3836 annotari,
895 3760 1026 3837 iaciant,
1055 3759 1261 3826 dimissiones

124 3860 348 3936 maneriorum,
363 3881 418 3924 seu
442 3861 579 3924 aliorum
594 3858 740 3923 locorum
755 3860 795 3923 ad
811 3859 919 3943 ipsum
936 3858 1167 3924 monasterium
1189 3881 1260 3943 per·
1383 3896 1385 3901 ·

124 3959 310 4035 tinentium,
324 3960 363 4023 ad
387 3960 512 4024 firmam
526 3966 725 4044 perpetuam,
743 3959 794 4024 vel
809 3960 850 4023 ad
864 3965 993 4044 tempus
1008 3980 1073 4024 non
1088 3960 1261 4037 modicum,

123 4057 374 4123 alienationesve
411 4060 650 4142 possessionum
686 4079 745 4124 seu
777 4059 965 4124 reddituum
991 4058 1135 4143 ejusdem
1165 4060 1260 4123 Mon-

124 4158 233 4222 asterii
255 4158 450 4242 temporales
473 4158 603 4237 faciant,
625 4158 679 4224 vel
700 4165 882 4243 perpetuas,
904 4159 975 4223 sine
996 4164 1107 4223 nostro
1121 4158 1174 4223 vel
1189 4179 1260 4222 suc-

126 4276 287 4320 cessorum
311 4264 494 4321 nostrorum
517 4258 650 4322 licentia
680 4256 822 4341 speciali,
845 4278 944 4342 super
971 4257 1091 4340 quibus
1116 4257 1260 4321 litteram

125 4355 760 4422 nostramvelsuccessorumnostrorum
770 4357 1261 4435 habeant,cumneeessefuerit,

126 4455 351 4523 exhibendam.
405 4458 486 4521 Haec
515 4458 627 4540 itaque
657 4457 799 4522 salubria
823 4459 957 4537 monita,
982 4460 1204 4536 correctiones,
1229 4467 1263 4524 et

125 4555 273 4638 injuncta
298 4556 400 4633 vobis,
424 4556 547 4619 Abbati
577 4562 610 4620 et
635 4557 772 4641 singulis
798 4557 839 4621 de
866 4557 1047 4633 Conventu,
1073 4559 1134 4621 sub
1155 4558 1260 4640 poenis
