2918 4980
308 450 579 503 CARTULARIUM
598 451 800 504 ABBATHIAE
818 453 866 504 DE
884 453 1070 506 WHITEBY.
1197 445 1258 502 359

125 611 255 696 plenius
270 615 462 692 continetur,
476 616 537 680 sub
552 616 612 680 tali
633 616 816 681 conditione
832 616 918 700 quod
939 619 1086 701 praedicti
1100 619 1211 683 Abbas
1227 626 1260 683 et

125 711 237 790 Conv.,
258 721 292 778 et
313 734 509 780 successores
530 716 581 780 sui
603 716 638 779 in
660 736 746 800 perp.
769 722 944 792 manentes,
966 717 1134 782 invenient
1155 738 1258 782 unum

125 812 336 896 capellanum
351 816 504 881 idoneum
519 822 552 880 et
566 815 693 891 abilem,
711 816 873 897 jacentem
888 822 920 879 et
935 816 1168 895 sublevantem,
1183 837 1258 881 noea

122 917 247 976 tantem
262 920 295 977 et
309 913 495 991 dietantem,
509 916 545 978 in
559 913 655 998 praed
669 916 839 997 mesuagio,
854 934 928 977 oum
944 935 1008 979 uno
1023 916 1181 981 serviente
1196 915 1259 979 sibi

123 1010 307 1093 adjuvante,
331 1034 388 1097 pro
414 1015 546 1079 servitio
570 1014 681 1078 divino
706 1014 742 1076 in
769 1012 902 1096 Capella
930 1012 970 1078 de
995 1015 1137 1079 Nevton
1162 1014 1258 1099 praed.

122 1110 243 1174 ibidem
265 1111 488 1190 celebrantem,
511 1134 585 1178 oum
607 1112 756 1176 omnibus
778 1112 850 1175 aliis
872 1114 1087 1189 sacramentis,
1109 1115 1260 1178 omnibus

124 1214 157 1272 et
178 1210 314 1295 singulis
335 1212 538 1296 parochianis
567 1212 803 1295 pertinentibus
826 1211 920 1275 diotae
945 1212 1033 1276 villae
1058 1213 1097 1277 de
1119 1214 1259 1277 Newton

127 1307 374 1375 ministrantem.
419 1311 505 1374 Etsi
520 1309 785 1393 contingatquod
800 1309 894 1393 proed
914 1309 1026 1375 Abbas
1044 1318 1079 1375 et
1101 1311 1210 1389 Conv,
1226 1318 1259 1375 et

123 1427 257 1473 success.
267 1409 327 1485 sui,
336 1430 402 1474 non
412 1410 579 1473 invenient
589 1429 690 1471 unum
701 1407 910 1491 Capelianum
920 1409 1082 1490 ydoneum
1091 1414 1124 1474 et
1132 1409 1260 1486 abilem,

120 1507 283 1589 jacentem
305 1515 337 1573 et
360 1508 591 1584 sublevantem,
613 1514 798 1572 nectentem
820 1515 853 1571 et
874 1508 1059 1584 dictantem,
1075 1514 1260 1573 manentem

124 1606 160 1668 in
168 1606 264 1688 praed.
277 1609 449 1691 mesuagio,
460 1627 534 1671 oum
545 1627 611 1671 uno
622 1607 780 1670 serviente
792 1607 855 1670 sibi
866 1606 1050 1689 adjuvante,
1061 1628 1118 1691 pro
1130 1607 1261 1671 servitio

126 1704 238 1769 divino
252 1705 288 1769 in
311 1706 436 1789 capella
449 1705 604 1788 predicta
625 1704 745 1768 ibidem
767 1705 990 1781 celebrantem,
1013 1726 1087 1769 cum
1110 1706 1261 1769 omnibus

124 1803 198 1868 aliis
213 1805 429 1881 sacramentis,
443 1804 592 1870 omnibus
607 1810 640 1868 et
655 1803 791 1888 singulis
806 1804 1008 1887 parochianis
1023 1804 1261 1887 pertinentibus

124 1901 221 1966 diotae
234 1902 322 1967 villae
344 1903 383 1968 de
406 1903 546 1967 Newton
567 1903 814 1979 ministrantem,
836 1909 915 1965 tuno
937 1903 1018 1966 bene
1040 1903 1152 1967 liceat1
1174 1909 1261 1966 reotc

124 1999 243 2066 haeredi
257 2002 418 2066 Willelmi
440 2002 561 2079 Rosels,
577 2001 699 2079 militis,
721 2000 960 2084 pat1·ismei,in
983 2001 1078 2085 praed.
1098 2001 1261 2085 mesuagio

125 2120 200 2164 cum
214 2102 317 2166 tribus
332 2101 459 2166 hovatis
474 2102 550 2176 t’roe,
564 2122 637 2165 oum
653 2106 732 2185 pert.
749 2101 826 2181 suis,
842 2101 972 2176 intrare,
987 2101 1071 2164 siout
1086 2101 1263 2176 invenient,

128 2205 196 2264 tam
217 2202 252 2264 in
267 2201 346 2265 villa
367 2221 465 2285 quam
489 2200 550 2285 [in]
571 2201 704 2266 t'ritorio
724 2200 764 2264 de
786 2201 926 2264 Newton
948 2199 1054 2283 praed,
1076 2207 1110 2266 et
1131 2200 1262 2284 pacifice

125 2299 271 2383 gaudere,
286 2300 356 2364 sine
371 2299 622 2364 contradictione
636 2299 688 2363 vel
702 2299 932 2382 impedimento
948 2295 1012 2381 (Ζῦ)
1028 2299 1108 2363 dicti
1122 2298 1263 2363 Abbatis

125 2405 158 2463 et
173 2398 282 2474 Conv,
296 2398 349 2463 vel
371 2418 588 2464 successorum
604 2418 735 2462 suorum
750 2399 996 2482 imperpetuum.
1042 2399 1085 2461 Et
1106 2418 1263 2475 nosram,

130 2497 225 2581 prad
247 2498 360 2563 Abbas
382 2505 416 2562 et
439 2498 548 2573 Conv,
567 2496 730 2562 voluimus
752 2503 785 2561 et
807 2496 1011 2561 concedimus
1033 2517 1091 2580 pro
1114 2498 1206 2561 nobis
1229 2507 1263 2561 et

127 2616 262 2662 success.
276 2597 404 2674 nostris,
418 2597 504 2680 quod
520 2597 548 2660 si
563 2597 734 2661 conventio
749 2596 843 2679 praed.
859 2597 894 2659 in
909 2596 1012 2660 forma
1026 2597 1121 2680 praed.
1133 2596 1261 2680 plenius

125 2714 191 2759 non
205 2693 375 2772 teneatur,²
389 2695 498 2759 omnia
512 2694 662 2778 proficua,
676 2701 744 2758 tam
759 2694 939 2778 spiritualia
953 2715 1049 2777 quam
1065 2695 1262 2778 temporalia,

126 2793 321 2876 pertinentia
345 2793 440 2858 dictae
465 2793 604 2877 Capellae
626 2794 665 2858 de
688 2794 827 2857 Newton
850 2792 916 2855 sint
940 2793 981 2855 ad
1001 2793 1207 2857 donationem
1229 2801 1262 2857 et

126 2892 368 2976 dispositionem
394 2891 554 2956 dictorum
583 2892 746 2956 haeredum
775 2892 871 2974 praed.
901 2891 1060 2956 Willelmi
1089 2891 1130 2956 ad
1159 2913 1262 2956 unum

131 2990 341 3076 Capelianum
364 2991 516 3056 idoneum
530 2990 715 3074 ubicumque
736 2990 803 3054 illis
818 2990 974 3073 placuerit
995 2989 1260 3074 [inveniendum]

127 3089 170 3152 Et
180 3088 221 3154 ad
231 3088 329 3153 istam
342 3090 588 3153 conventionem
603 3089 684 3153 bene
700 3094 733 3152 et
743 3089 879 3153 fideliter
890 3088 1070 3153 faciendam
1082 3095 1114 3152 et
1125 3090 1261 3172 implen-

127 3189 202 3252 dam
223 3187 368 3272 sigillum
397 3195 544 3251 nostrum
566 3207 736 3252 commune
765 3194 815 3251 est
840 3208 1039 3271 appensum:
1069 3188 1163 3251 alteri
1187 3198 1270 3252 vero'

124 3287 209 3372 parti
224 3288 280 3372 sig.
296 3287 377 3351 dieti
391 3285 530 3351 Galsridi
552 3292 601 3351 est
615 3306 800 3371 appensum.
846 3287 921 3350 Hiis
936 3287 1081 3351 testibus.
1125 3288 1264 3352 Roberto

126 3386 317 3451 Gretheved.
361 3385 529 3450 Willelmo
539 3386 578 3450 de
589 3386 748 3451 Mortona.
789 3386 1142 3470 WillelmoMowbray.
1175 3386 1266 3450 Ada⁸

125 3483 166 3549 de
185 3483 438 3568 Ievyngthorpe.
482 3484 631 3549 Johanne
651 3484 692 3549 de
714 3485 907 3570 Lasyngby:
930 3490 963 3549 et
984 3485 1106 3548 Thema
1120 3484 1159 3549 de
1182 3486 1265 3550 Nor·

126 3583 268 3667 manby3
288 3591 322 3648 et
336 3582 418 3648 aliis.

127 3759 286 3825 CCCCII.
309 3757 375 3842 (ab)
398 3759 501 3824 Coam
523 3775 683 3824 streame
705 3775 793 3822 mam
815 3774 906 3821 rrrs1
932 3774 973 3820 aa
1000 3773 1083 3820 arom
1109 3775 1155 3821 aa
1176 3773 1265 3822 oam-

213 3874 355 3922 uannuu
392 3874 456 3922 avos
481 3874 618 3922 mousra
646 3875 691 3922 an
721 3874 808 3922 nuos
837 3873 972 3922 somnos
1002 3872 1190 3921 soavaunos
1219 3875 1264 3921 aa

214 3972 385 4022 tumulas
425 3972 657 4021 usvauraunmt
703 3973 738 4020 ru
785 3957 936 4021 Caranus
982 3971 1026 4018 ua
1067 3955 1186 4020 Aroes
1228 3973 1264 4020 1u

213 4056 548 4120 Pruuavrvaaavnru.⁴

171 4191 331 4257 Omnibus
354 4196 474 4255 sanctae
496 4190 612 4254 Matris
634 4189 718 4254 Eccl.
735 4190 810 4254 filiis
826 4191 882 4255 vis.
899 4197 932 4255 et
947 4191 1019 4255 aud.
1036 4191 1163 4257 litteras
1179 4193 1266 4269 istas,

121 4292 148 4356 J
149 4290 294 4356 ohannes
309 4290 348 4354 de
365 4292 500 4373 Cayton,
515 4288 660 4354 salutem.
705 4290 841 4354 Noverit
855 4291 943 4354 univ.
960 4297 1067 4355 vestra
1088 4310 1148 4368 me,
1163 4291 1267 4355 divini

162 4413 172 4448 ¹
192 4414 276 4466 taem
487 4411 499 4446 ²
516 4421 545 4465 ut
557 4414 679 4481 supplied
691 4416 895 4481 unnecessarily.
1100 4413 1112 4448 ³
1129 4416 1194 4466 Avo.

162 4497 173 4532 ⁴
193 4498 259 4550 'l'his
270 4497 391 4566 heading,
407 4517 437 4550 as
449 4499 478 4549 in
489 4498 536 4549 the
548 4497 608 4560 last,
622 4498 680 4549 isin
692 4515 708 4548 a
719 4497 789 4550 later
799 4499 878 4550 haud.
911 4499 943 4548 ln
954 4498 1004 4551 No.
1017 4501 1068 4549 212
1079 4517 1095 4549 a
1104 4504 1164 4549 rent
1176 4499 1204 4552 oi
1217 4499 1268 4550 live
