2918 4980
331 503 607 557 CARTULARIUM
626 502 830 557 ABBA'I'HIAE
849 503 898 555 Dr:
916 503 1105 556 WHITEBY.
1236 488 1297 550 757

537 731 726 797 demeum
742 747 916 796 eunomus.

202 855 245 918 Et
267 854 457 921 allocutione
478 877 566 940 pens.
582 856 595 920 l
610 877 633 921 s.
648 878 679 941 p.
695 877 721 920 u
738 877 842 940 nuper
856 857 951 922 solut.
966 876 1024 939 per
1038 876 1141 940 nuper
1155 854 1297 918 Priorem

157 960 191 1017 et
215 954 312 1017 Conv.
337 975 440 1037 nuper
462 955 577 1020 Mon'ii
599 955 639 1019 de
662 954 823 1020 Gisburne
845 956 880 1019 in
907 955 995 1020 (lom.
1021 954 1124 1030 Ebor,
1150 974 1187 1017 eo
1211 950 1297 1036 quod

158 1053 244 1116 idem
267 1073 370 1137 nuper
391 1054 551 1118 Mon'ium
573 1052 668 1117 modo
689 1054 877 1118 dissolvitur
898 1062 931 1119 et
951 1054 986 1117 in
1007 1074 1104 1117 manu
1120 1051 1186 1116 d’ni
1201 1051 1297 1135 Regis

157 1152 278 1227 existit,
300 1172 336 1216 eo
359 1154 444 1235 quod
467 1152 578 1218 eadem
600 1154 712 1237 pensio
731 1153 807 1217 ibid
825 1174 889 1217 non
905 1153 1027 1217 allocut.
1043 1153 1179 1235 ideoque
1193 1150 1247 1215 hic
1262 1150 1297 1213 iu

158 1250 348 1316 allocutione
371 1252 401 1315 h.
418 1274 444 1316 a.
460 1252 505 1317 ls.
520 1278 526 1317 :
548 1254 592 1317 Et
606 1253 642 1316 in
657 1253 819 1317 consimili
833 1253 1024 1318 allocutione
1039 1250 1202 1336 pensionis
1217 1271 1262 1313 xx
1272 1270 1295 1313 s.

157 1372 187 1433 p.
219 1372 245 1414 u
276 1372 379 1435 nuper
408 1352 521 1416 solutes
550 1373 609 1436 per
637 1372 740 1435 nuper
770 1352 960 1417 Priorissam
995 1358 1028 1417 et
1065 1351 1163 1416 Gonv.
1194 1370 1298 1433 nuper

159 1450 323 1515 Prioretus
346 1451 386 1515 de
409 1450 593 1535 Appletone
608 1452 643 1514 in
661 1452 747 1516 Com.
764 1451 856 1516 Ebor.
872 1451 926 1516 hio
942 1451 1043 1528 slloo,
1058 1472 1096 1516 eo
1110 1450 1197 1534 quod
1211 1449 1298 1514 idem

158 1571 234 1633 nup.
259 1550 422 1614 Prioretus
444 1550 540 1614 modo
563 1549 751 1614 dissolvitur
777 1555 811 1615 et
833 1551 868 1614 in
891 1571 989 1614 manu
1014 1550 1093 1614 dicti
1113 1549 1179 1614 d’ni
1202 1547 1299 1633 Regis

159 1649 280 1724 existit,
300 1670 337 1712 eo
360 1650 446 1731 quod
468 1648 580 1714 eadem
602 1649 715 1733 pensio
737 1649 777 1712 ib.
795 1670 860 1713 non
876 1649 1041 1725 allocutur,
1057 1649 1191 1732 ideoque
1206 1647 1297 1711 ulloo.

159 1747 220 1811 hoc
236 1768 319 1810 unno
336 1769 379 1810 xx
390 1769 413 1811 s.

609 1848 743 1912 Summa
757 1848 847 1913 lxxs.

390 2009 567 2074 Lrunnfflo
584 2025 624 2072 nu
640 2025 821 2074 uxoxnuur.
838 2026 1063 2074 unriureins.

203 2134 246 2196 Et
271 2133 663 2199 indeliberatum.
689 2134 840 2199 Bekwith
864 2142 922 2199 etc.
950 2134 1023 2198 xliii
1032 2133 1065 2198 li.
1092 2134 1150 2198 iis.
1193 2134 1237 2197 Et
1262 2133 1297 2196 in

159 2254 260 2317 comp.
285 2233 384 2316 ejusd.
406 2235 534 2318 Recept.
555 2241 593 2297 ut
613 2254 670 2317 pro
691 2237 771 2297 tunt.
794 2234 865 2298 den.
887 2254 945 2317 per
965 2254 1068 2318 nuper
1089 2233 1250 2297 Abbutem
1265 2238 1300 2297 et

160 2332 259 2396 Conv.
284 2332 363 2396 dieti
388 2354 491 2417 nuper
512 2333 627 2396 Mon'ii
649 2339 724 2398 unte
747 2332 890 2397 dissolut.
915 2333 992 2398 inde
1013 2353 1073 2399 rec.
1096 2333 1136 2397 de
1158 2331 1243 2398 redd.
1267 2337 1300 2396 et

159 2432 237 2495 firm.
262 2432 331 2497 deb.
354 2432 395 2496 ud
419 2434 439 2495 f.
467 2433 497 2498 S.
520 2433 566 2496 M.
591 2433 626 2496 iu
651 2431 682 2495 b.
707 2433 793 2496 infru
817 2439 945 2516 tempus
971 2432 1070 2516 hujus
1096 2452 1201 2516 comp.
1225 2452 1297 2496 eum

161 2632 267 2697 dissol
283 2633 378 2716 praed.
394 2630 758 2697 liberutomm-xlixli
774 2630 833 2695 xvi
842 2652 865 2695 s.
881 2631 956 2695 rid.

460 2732 593 2796 Summe
607 2730 777 2794 iiii¹¹xiili
793 2730 875 2794 xviii
885 2751 907 2795 s.
924 2752 946 2793 x
956 2731 985 2795 d.

322 2832 455 2896 Summe
469 2831 569 2895 Alloo.
586 2835 619 2896 et
633 2830 771 2895 Liberat.
786 2829 923 2893 iiii¹¹xvi
931 2829 964 2893 li.
981 2851 1001 2891 x
1011 2850 1034 2894 s.
1050 2829 1086 2893 xi
1094 2829 1123 2893 d.

162 2931 241 3008 Quae
256 2951 382 2994 summu
392 2929 562 3013 ooaequulis
573 2932 623 2994 est
634 2949 708 2993 eum
720 2949 846 2993 summu
860 2927 970 2993 totalis
982 2929 1130 3013 Receptus
1145 2927 1299 3011 superius.

436 3091 554 3154 Noenu
569 3090 680 3155 Ouum
694 3106 737 3154 nn
752 3090 1025 3154 anmsuncnr.

206 3216 382 3297 Compotus
411 3215 434 3279 J
436 3213 485 3277 oh.
511 3214 674 3292 Hexhum,
703 3213 902 3297 occupatoris
932 3213 1078 3277 omnium
1107 3211 1239 3278 t‘rurum
1267 3219 1301 3278 et

160 3320 417 3379 tenementorum
440 3313 535 3377 dictes
561 3332 665 3395 nuper
695 3311 794 3377 Cellae
823 3311 1057 3396 pertinentium
1086 3331 1144 3394 per
1172 3317 1301 3394 tempus

161 3412 357 3497 praedictum.

205 3561 557 3627 Auuunuoru—Nulle
571 3561 649 3644 quis
663 3560 787 3644 primus
801 3560 1150 3643 computus-Summe
1169 3557 1299 3624 nullius.

494 3723 604 3788 Ouum
619 3740 662 3787 nu
677 3725 969 3788 anmsunuouu.

206 3849 269 3914 Sed
290 3868 314 3912 r.
336 3869 360 3912 e.
382 3849 422 3913 de
444 3848 537 3911 lxxix
547 3869 570 3912 s.
583 3846 642 3911 viii
652 3847 680 3911 d.
697 3848 737 3912 de
751 3848 843 3911 firme
858 3847 959 3911 scitus
974 3845 1069 3911 dictae
1084 3866 1187 3930 nuper
1202 3845 1301 3912 Oellae

162 3970 236 4013 cunr
259 3947 455 4012 columberio
475 3955 508 4011 et
531 3946 604 4011 eliis
630 3947 788 4024 domibus,
811 3947 964 4030 pomariis
989 3952 1023 4010 et
1044 3945 1187 4030 gurdinis
1216 3945 1301 4010 infru

161 4046 334 4132 praecinctu
356 4048 509 4129 ejusdem,
529 4068 566 4112 ec
586 4068 661 4111 eum
682 4047 750 4112 t'ris
777 4045 1107 4112 d‘nioulibus-videl.
1126 4066 1184 4129 pro
1209 4047 1302 4110 firme

162 4147 263 4211 scitus
285 4145 379 4229 proed.
400 4167 474 4209 cum
495 4146 563 4210 t'ris
582 4146 706 4210 d’nicul.
722 4146 789 4210 vis.
806 4146 863 4209 viii
873 4146 921 4210 d.:
943 4146 955 4208 i
970 4145 1067 4210 eluus.
1083 4165 1151 4209 voc.
1165 4144 1303 4229 Westby

164 4245 258 4309 Closs
280 4252 363 4310 cont.
386 4265 444 4328 per
466 4250 533 4309 aest.
552 4245 627 4308 iiiior
648 4266 747 4322 uerus,
761 4245 819 4310 viii
830 4266 872 4310 u:
894 4245 906 4308 i
928 4243 1025 4309 clune.
1046 4264 1113 4308 voc.
1129 4244 1174 4308 Le
1191 4243 1305 4308 House

164 4344 257 4410 Closs
280 4349 364 4407 cont.
381 4343 456 4406 iiii⁰r
471 4365 569 4421 uerus,
584 4345 644 4408 viii
653 4366 675 4409 s.
688 4369 694 4407 :
718 4345 729 4408 i
744 4344 842 4409 clune.
859 4364 926 4408 voe.
945 4344 1086 4428 Angrum
1102 4341 1205 4418 Closs,
1220 4350 1303 4406 cont.

161 4444 185 4507 ii
208 4463 399 4519 auresve:
425 4443 438 4505 i
461 4442 560 4507 cleus.
582 4464 649 4508 voc.
672 4443 768 4508 West
787 4443 886 4508 Felde
908 4450 992 4506 cont
1016 4441 1111 4506 xxiiii
1131 4461 1220 4506 ueras
1237 4442 1304 4506 t'rae

205 4557 275 4607 VOL.
290 4556 324 4607 11.
1117 4545 1136 4604 2
1152 4554 1172 4605 0
