2918 4980
201 485 266 544 360
379 498 652 550 emuniuit
669 498 877 551 assum
893 499 944 550 1)ss
960 498 1151 550 munt.

200 662 318 724 amoris
346 661 472 724 intuitu
496 671 531 726 et
558 683 618 745 pro
642 663 748 727 salute
775 665 893 727 animai
921 684 1011 739 mee,
1034 670 1068 726 et
1093 661 1278 746 praedecm
1302 668 1337 722 et

200 761 669 839 (3)suoumeorum,coneet
690 762 762 825 ded
782 774 815 825 et
836 783 1056 846 praesumes
1076 762 1212 825 contin
1232 760 1338 822 hbet

200 877 289 940 perp.
300 858 392 922 elem
403 859 518 922 Deoet
528 859 624 923 altari
638 861 750 924 Sancti
761 861 923 924 lobannis
938 861 1095 944 Baptistae
1106 862 1141 923 iu
1152 858 1286 942 Capella
1299 857 1337 919 R

201 955 315 1020 llariae
328 957 370 1021 de
380 960 498 1034 Ateus,
508 960 672 1042 quandam
683 960 876 1043 perticulam
887 962 954 1023 t'rae
969 961 1005 1022 in
1018 961 1154 1022 t'ritorio
1168 959 1209 1022 de
1220 960 1339 1031 Atona,

197 1056 296 1138 juxta
319 1058 532 1121 osmiterium
557 1059 653 1122 dictae
675 1059 816 1142 Capellae
836 1080 949 1122 versus
970 1056 1282 1122 occidentem-scil
1302 1057 1342 1117 in

200 1153 404 1238 longitudine
422 1166 496 1219 octo
516 1158 720 1240 pertimrum,
734 1159 769 1220 in
791 1157 965 1220 latitudine
979 1178 1056 1221 vero
1069 1164 1229 1240 quantum
1250 1155 1340 1217 diets

201 1253 262 1316 t’ra
289 1274 325 1317 se
347 1255 494 1318 extendit
516 1277 536 1318 a
561 1258 617 1320 ria
640 1277 755 1320 versus
775 1256 970 1340 aquilonem.
1023 1257 1139 1339 ltaque
1165 1255 1340 1327 Martinus,

203 1351 289 1415 lilius
311 1352 475 1436 ltadulphi
488 1354 626 1417 Disconi
640 1355 681 1417 de
696 1357 814 1430 Atona,
828 1366 861 1418 et
876 1355 1019 1417 haeredes
1033 1355 1095 1428 sui,
1109 1354 1162 1417 rel
1176 1354 1230 1416 sui
1243 1353 1337 1434 nssig.

200 1451 360 1514 tenebunt
384 1452 505 1516 dictam
531 1455 624 1516 t’ram
653 1453 694 1517 de
722 1454 794 1517 Deo
822 1454 921 1517 etde
946 1455 976 1517 S
1002 1453 1153 1517 Johsnne
1179 1452 1339 1535 Baptista,

202 1550 332 1615 nomine
351 1550 431 1614 dicti
451 1551 572 1626 altaris,
586 1553 622 1614 iu
642 1551 737 1615 feodo
758 1564 791 1616 et
813 1550 899 1627 bar,
915 1552 1016 1616 libere
1036 1562 1069 1615 et
1084 1553 1203 1635 quiete,
1216 1549 1336 1633 persol-

201 1648 307 1712 vendo
342 1650 487 1733 quolibet
523 1672 609 1714 nuno
644 1651 686 1713 sd
723 1652 893 1714 seruitium
921 1651 1003 1714 dicti
1038 1650 1260 1714 altaris-scil
1294 1649 1336 1710 sd

200 1746 369 1825 luminare,
389 1750 471 1813 duos
496 1750 616 1814 solidos
640 1751 681 1813 ad
704 1751 726 1813 l.
748 1751 780 1814 S.
803 1749 982 1814 Michaelis
1024 1752 1068 1813 Et
1091 1759 1127 1813 nt
1149 1750 1245 1833 praed
1271 1748 1336 1810 duo

200 1847 296 1910 solidi
314 1850 403 1931 juste
424 1849 650 1933 expendantur
669 1850 711 1912 sd
732 1850 892 1914 luminare
913 1851 1095 1933 pertisum
1115 1850 1335 1911 ministrorum

200 1946 296 2011 dictae
316 1947 465 2033 Capellae,
486 1955 520 2012 et
541 1950 616 2025 mei,
629 1958 663 2013 et
677 1949 750 2012 haer.
766 1970 919 2024 meorum,
934 1969 994 2031 ego
1012 1969 1098 2024 vero,
1111 1948 1288 2021 lohannes,
1302 1954 1335 2008 et

200 2043 273 2111 baer.
295 2047 362 2111 mei
383 2049 662 2112 warantizabimus
683 2049 804 2112 dictam
829 2049 923 2110 t’ram
944 2049 1016 2111 Deo
1037 2055 1070 2111 et
1092 2048 1124 2111 S.
1138 2046 1283 2111 Johsnni
1301 2052 1336 2107 et

199 2145 372 2228 sepedicto
397 2147 541 2209 Martino
562 2155 596 2210 et
620 2148 688 2210 suis
709 2147 795 2221 haer,
819 2147 872 2210 vel
897 2147 966 2209 suis
991 2147 1094 2230 sssig,
1113 2152 1226 2209 oontm
1249 2166 1278 2208 o
1302 2142 1335 2207 h.

199 2242 446 2327 imperpetuum
482 2245 558 2308 Hiis
573 2247 720 2309 testibus.
757 2247 841 2308 D'no
857 2246 1004 2322 Riesrdo,
1015 2247 1154 2310 Persona
1165 2246 1206 2309 de
1216 2244 1333 2307 Semnr.

200 2340 367 2405 Willelmo
381 2352 414 2405 et
429 2342 569 2425 Hugone
583 2343 777 2426 capellania
813 2343 1177 2426 ThomadeOuluneby.
1212 2342 1336 2405 Thomu

199 2438 353 2504 Diacono.
390 2440 550 2506 Mauricio
558 2442 656 2507 Coke.
692 2442 839 2506 Gersulo.
877 2442 1334 2521 Ricardo,ClericodeAtona

199 2537 336 2604 Ricardo
351 2539 517 2605 Palmerio.
561 2541 709 2606 Gilberto
723 2542 822 2605 lrutre
836 2543 915 2625 ejus.
959 2542 1096 2605 Ricardo
1112 2541 1178 2604 filio
1193 2538 1303 2602 Alani.

676 2765 853 2831 ccccm.

242 2900 304 2981 (4)¹
316 2900 484 2964 Universis
493 2901 615 2965 Christi
624 2902 774 2966 fidelibus
782 2924 936 2986 praesscr.
946 2903 1004 2966 vis
1015 2899 1158 2975 veland,
1167 2898 1333 2963 Galfridus

198 2997 239 3063 de
251 2999 373 3076 Bosels,
387 2999 473 3064 filius
485 3000 642 3063 Willelmi
656 3001 697 3065 de
711 3002 834 3077 Rosels,
846 3002 972 3078 militis,
985 3022 1009 3065 s
1025 3002 1060 3064 iu
1072 3000 1223 3063 Domino.
1266 2998 1333 3060 No

199 3099 311 3162 veritis
321 3119 374 3163 me
385 3119 482 3175 conc,
492 3100 662 3175 remisisse,
673 3106 707 3164 et
717 3102 849 3164 omnino
859 3100 900 3164 de
912 3120 964 3164 me
975 3106 1009 3163 et
1023 3099 1098 3163 haer.
1110 3099 1190 3162 meis
1199 3099 1332 3180 imperp.

198 3217 252 3280 qu
275 3197 430 3262 clamasse
452 3199 573 3262 Abbati
595 3204 629 3262 et
649 3199 748 3264 Conv.
775 3200 890 3264 llon’ii
914 3200 955 3263 de
977 3199 1143 3280 Wbiteby,
1166 3205 1199 3260 et
1222 3216 1332 3259 eorum

198 3297 445 3374 successoribus,
474 3317 679 3361 communem
703 3307 844 3382 pasturae
873 3299 914 3362 sd
936 3319 993 3362 sex
1022 3298 1122 3362 bores
1146 3296 1268 3378 ubique
1297 3295 1332 3356 iu

198 3397 348 3460 omnibus
362 3396 477 3473 boscis,
491 3397 598 3473 moris,
612 3399 714 3461 vastis
728 3405 761 3460 et
775 3397 916 3480 pasturis
931 3397 1012 3460 meis
1027 3398 1061 3458 in
1072 3397 1204 3460 Neuton
1218 3394 1333 3457 subtus

198 3493 410 3578 Onesbergbe,
431 3503 566 3579 excepto
585 3496 724 3578 quodam
746 3495 816 3560 loeo
840 3497 899 3578 qui
921 3495 1040 3559 dicitur
1061 3493 1334 3576 Roselbiggiuges,

199 3592 390 3658 Halendsm
405 3602 437 3656 et
455 3600 518 3657 ten,
535 3595 656 3658 eisdem
670 3595 792 3658 Abbati
807 3603 840 3658 et
855 3596 953 3659 Conv.
970 3601 1128 3658 eteorum
1143 3592 1332 3656 successori-

197 3691 267 3769 bus,
288 3692 352 3769 lib,
371 3693 502 3776 pacifice
525 3699 558 3757 et
583 3693 706 3777 integre
731 3695 978 3777 imperpetuum,
1004 3693 1051 3756 its
1074 3691 1160 3774 quod
1184 3711 1243 3754 nec
1265 3711 1333 3773 ego,

197 3789 372 3870 (lallridus,
387 3811 446 3856 nec
460 3792 535 3856 baer.
550 3793 623 3867 mei,
638 3812 697 3856 nec
712 3793 830 3875 aliquis
844 3814 903 3875 per
916 3813 974 3855 uos
989 3813 1048 3855 neo
1062 3791 1193 3854 nomine
1215 3795 1333 3864 nostro,

196 3890 361 3953 occasione
386 3910 565 3954 cornmunae
590 3900 730 3973 pasturae
759 3890 921 3973 predictae,
950 3889 1078 3952 eosdem
1108 3887 1270 3950 Abbstem
1299 3896 1332 3949 et

195 4023 317 4092 obillings
333 4024 427 4091 yearly
444 4026 467 4076 is
486 4025 598 4092 granted
615 4031 646 4075 to
663 4025 787 4090 Whitby,
800 4025 914 4091 psysble
932 4031 981 4076 ont
997 4025 1026 4075 ol
1042 4025 1090 4075 the
1107 4023 1172 4073 land
1189 4022 1333 4089 belonging

195 4110 224 4157 to
245 4106 344 4157 Ratun
365 4107 424 4158 Fitz
445 4107 566 4157 Buldwin
588 4108 620 4157 de
642 4107 797 4173 Brsmhope,
819 4108 871 4158 sud
891 4124 987 4173 among
1006 4107 1054 4157 tbe
1075 4107 1212 4157 witnesses
1229 4106 1252 4155 is
1269 4105 1330 4154 Job.

194 4190 341 4240 (anontins
359 4190 393 4240 «le
411 4191 526 4256 Capella,
541 4190 603 4240 vrbo
622 4190 650 4239 in
671 4190 708 4239 M.
730 4191 754 4240 is
773 4190 910 4240 described
929 4190 1025 4255 simply
1047 4205 1076 4240 ss
1097 4188 1264 4254 Capellsnns,
1283 4188 1333 4237 tho

196 4270 302 4337 (lapdlo
315 4272 449 4324 indicated
462 4273 541 4340 being
553 4272 681 4338 probably
694 4273 754 4323 that
766 4272 794 4322 ol
805 4273 852 4322 the
864 4276 972 4337 present
983 4271 1058 4323 deed.

229 4354 239 4389 ¹
257 4356 314 4408 'l'lre
327 4357 434 4424 writing
447 4373 481 4407 ou
493 4357 548 4407 tbis
560 4356 625 4407 folio
637 4356 661 4405 is
675 4357 745 4406 clesr
756 4355 810 4405 and
820 4355 897 4421 good,
910 4371 939 4406 ss
953 4354 1014 4404 well
1024 4371 1054 4404 ss
1065 4352 1158 4404 nnlike
1168 4352 1231 4403 tbst
1242 4352 1329 4402 which

193 4439 317 4502 proceda
329 4440 358 4490 it.
