2918 4980
311 484 585 538 OAR'PULARIUM
606 486 808 537 ABBATHIAE
826 487 876 538 Dll
891 487 1074 538 WHITEBY.
1199 478 1260 535 459

121 647 232 711 decem
247 648 393 713 denarios
409 650 545 732 singulis
560 650 654 714 annis
668 649 710 714 ad
726 652 825 727 Pent,
841 657 874 715 et
889 651 1035 715 faciendo
1049 651 1263 736 sergentiam¹

119 745 160 809 ed
183 752 323 811 castrum
339 748 378 812 de
394 749 576 832 Pykeryng‚
591 757 713 832 quanta
735 751 876 832 pertinet
890 751 931 813 ad
946 748 1053 833 (105b)
1069 750 1260 833 praedictum

119 845 247 909 toltum.
292 847 336 910 Et
358 848 386 911 si
408 849 574 933 contingat
599 848 696 932 praed.
720 849 921 912 Willelmum
944 850 997 914 vel
1023 849 1096 913 haer.
1123 869 1197 912 suos
1226 850 1260 912 in

119 944 278 1009 solutione
306 946 400 1010 dictae
421 948 521 1012 firmae
547 948 588 1011 ad
612 949 786 1011 terminum
813 954 970 1012 statutum
995 949 1138 1026 deficere,
1164 949 1263 1013 liceat

120 1045 213 1109 nobis
242 1052 276 1109 et
304 1067 388 1112 suco.
419 1048 537 1112 nostris
568 1048 801 1112 districtionem
832 1048 934 1112 lacere
964 1049 1047 1112 iufra
1073 1055 1261 1112 tenementa

118 1144 214 1227 praed.
230 1145 389 1209 Willelmi
404 1148 439 1210 in
455 1148 627 1225 Loketona,
643 1169 701 1232 per
716 1155 830 1225 totum,
846 1168 1013 1231 quousque
1036 1148 1075 1212 de
1094 1148 1260 1231 arreragiis

118 1245 212 1308 nobis
242 1245 384 1329 plenarie
415 1247 513 1311 fuerit
543 1248 753 1312 satisfactum.
810 1248 851 1309 In
882 1249 974 1331 eujus
1004 1269 1028 1312 r.
1059 1254 1131 1312 test.
1161 1247 1258 1330 praed.

118 1343 305 1409 Willelmus
328 1345 492 1422 Malekak,
514 1367 572 1430 pro
595 1366 629 1411 se
652 1351 685 1410 et
707 1347 856 1410 omuibus
876 1346 949 1409 haer.
971 1354 1004 1410 et
1025 1347 1259 1411 successoribus

117 1442 195 1519 suis,
209 1441 286 1508 huic
301 1465 359 1509 sor.
381 1447 591 1530 cyrogreffato
614 1447 669 1530 sig.
693 1466 789 1510 suum
814 1446 970 1530 apposuit.
1017 1446 1090 1509 Hiis
1113 1446 1260 1510 testibus.

119 1541 203 1605 D'no
219 1542 383 1608 Willelmo
398 1543 438 1608 de
453 1544 605 1609 Rosellee.
651 1545 772 1608 Thomu
788 1545 828 1607 de
844 1544 1020 1608 Eberstou:
1042 1548 1075 1608 et
1090 1543 1170 1609 aliis.

380 1744 488 1809 DXX.
510 1745 735 1807 Tnoaunrom
750 1760 790 1806 nr
805 1744 998 1807 Fannium.

163 1888 272 1972 (106b)
296 1892 453 1956 Omnibus
470 1892 591 1956 Christi
602 1891 685 1956 fidel.
702 1892 742 1955 ed
757 1912 838 1975 quos
850 1912 896 1975 pr.
913 1912 970 1955 ser.
985 1911 1081 1974 perv„
1097 1891 1256 1956 Radulius

120 1987 163 2052 til.
187 1989 335 2073 Hugonis
358 1989 511 2054 Bard01f2
526 1992 565 2054 de
583 1981 775 2073 Farmanby,
799 1989 944 2053 salutem.
990 1989 1153 2052 Noveritis
1169 1990 1255 2053 univ.

119 2108 180 2163 me,
195 2087 313 2152 divinae
337 2089 479 2154 caritatis
502 2091 625 2153 intuitu
640 2096 673 2154 et
694 2110 752 2173 pro
772 2088 827 2153 sal.
852 2109 878 2152 e.
894 2109 982 2165 meae,
997 2096 1031 2152 et
1051 2109 1134 2152 oum.
1155 2093 1256 2153 antec.

119 2207 272 2265 meorum,
284 2192 317 2252 et
332 2188 505 2265 haeredum,
516 2190 556 2265 d.,
571 2209 606 2265 e,
621 2195 654 2252 et
669 2187 736 2252 hac.
753 2208 798 2271 pr.
815 2208 839 2251 c.
855 2208 927 2251 mes
942 2187 1023 2251 conf.
1039 2188 1108 2251 Deo
1124 2193 1157 2251 et
1171 2187 1256 2251 Eccl.

120 2287 150 2349 S.
167 2286 255 2351 Petri
270 2294 304 2352 et
320 2288 350 2353 S.
367 2288 478 2352 Hildae
493 2289 532 2351 de
548 2287 714 2370 Whiteby‚
730 2294 763 2351 et
778 2307 861 2350 mon.
885 2286 962 2351 ibid.
985 2287 1054 2350 Deo
1073 2306 1162 2363 seru,
1176 2286 1213 2349 in
1227 2285 1258 2364 l.,

119 2405 159 2468 q.,
180 2408 220 2470 p.,
243 2393 276 2451 et
296 2407 383 2471 perp.
406 2388 506 2464 elem,
529 2387 592 2451 duo
614 2386 696 2450 tofta
716 2393 749 2450 et
771 2386 933 2470 quandam
954 2385 1145 2469 perticulam
1164 2387 1257 2469 prati,

119 2505 194 2549 cum
216 2493 295 2569 pert.
320 2487 396 2564 suis,
418 2488 455 2550 in
477 2485 772 2570 Farmanby—seil.
796 2486 860 2550 duo
882 2486 974 2562 tofta,
996 2505 1132 2568 quorum
1154 2506 1256 2549 unum

114 2585 202 2667 jacet
216 2606 257 2649 ex
272 2586 474 2650 meridionali
489 2593 579 2670 parte
594 2586 664 2661 viae,
678 2586 762 2648 inter
776 2585 895 2649 toftum
917 2586 1002 2668 quod
1025 2585 1089 2649 fuit
1100 2584 1257 2648 Willelmi

119 2685 181 2748 filii
195 2685 328 2750 Roberti
346 2694 379 2750 et
399 2687 564 2763 fossatum,
586 2691 619 2750 et
641 2686 779 2749 alterum
797 2686 884 2769 jacet
906 2706 946 2749 ex
968 2684 1146 2769 aquilonali
1166 2691 1257 2769 parte

119 2785 190 2862 viae,
204 2786 290 2849 inter
311 2786 430 2850 toftum
452 2786 641 2850 monialium
656 2788 696 2850 de
711 2785 883 2850 Rossedale
898 2793 931 2850 et
946 2785 1065 2849 toftum
1087 2784 1172 2869 quod
1195 2785 1259 2849 fuit

120 2884 280 2949 Willelmi
294 2887 333 2950 de
349 2887 532 2970 Swyntona,
548 2892 581 2950 et
598 2892 726 2969 pratum
748 2886 834 2969 quod
853 2885 940 2968 jacet
961 2886 1045 2949 iuter
1066 2885 1257 2969 praedictum

120 2985 239 3048 toftum
255 2992 288 3049 et
303 2986 462 3049 culturam
478 3007 549 3070 quae
565 2994 698 3050 vocatur
713 2985 742 3049 le
759 2983 1124 3050 Ovenham3-Teuend.
1137 2991 1170 3048 et
1184 2984 1256 3049 hab.

120 3084 197 3149 eisd.
212 3084 377 3149 monachis
392 3086 428 3148 in
442 3085 473 3162 l.‚
487 3106 527 3169 q.,
542 3107 582 3169 p.‚
597 3092 630 3149 et
640 3106 727 3169 perp.
741 3085 840 3160 elem,
851 3085 882 3160 l,
892 3085 959 3160 int,
975 3105 1013 3167 q.‚
1029 3091 1061 3148 et
1076 3083 1257 3161 honorifice,

120 3204 195 3248 oum
217 3204 301 3248 omn.
324 3191 403 3268 pert.
426 3185 502 3261 suis,
524 3184 627 3248 libert.
651 3191 685 3248 et
706 3184 837 3260 aicium,
854 3184 939 3247 infra
953 3204 982 3247 v.
998 3191 1031 3246 et
1046 3189 1144 3259 extra,
1159 3203 1256 3265 prope

120 3290 155 3348 et
167 3283 287 3367 procul,
302 3284 336 3346 in
351 3284 500 3348 omuibus
516 3291 550 3348 et
564 3284 692 3367 ubique,
707 3283 777 3347 sine
799 3283 889 3346 omni
910 3283 1027 3366 imped.
1046 3289 1080 3345 et
1096 3289 1203 3358 retem,
1217 3282 1257 3345 de

121 3402 172 3447 me
188 3390 221 3447 et
236 3383 308 3447 haer.
325 3382 405 3447 meis
426 3384 675 3467 imperpetuum.
719 3382 763 3445 Et
784 3402 851 3466 ego,
867 3381 1034 3458 liedulfus,
1050 3387 1082 3445 et
1104 3381 1177 3444 haer.
1192 3382 1258 3444 mei

120 3504 203 3559 war,
225 3483 295 3559 del,
317 3489 350 3546 et
371 3482 441 3566 adq.
464 3483 558 3566 praed.
582 3481 747 3546 monachis
770 3481 857 3545 dicta
877 3481 960 3545 tofta
977 3487 1010 3544 et
1030 3486 1168 3563 pratum,
1183 3500 1258 3543 oum

157 3620 167 3654 ¹
185 3621 241 3673 The
253 3622 304 3673 site
316 3621 344 3673 ol
355 3621 402 3672 the
414 3622 469 3672 toft
480 3622 592 3689 granted
604 3621 722 3688 explains
735 3621 781 3671 the
797 3636 951 3672 occurrence
968 3619 996 3670 of
1013 3619 1060 3670 the
1078 3619 1177 3670 servios
1195 3619 1257 3671 here

120 3704 250 3772 speoified.
290 3704 402 3755 “When
419 3704 484 3755 land
496 3721 550 3756 was
568 3704 632 3756 held
644 3704 672 3755 of
689 3704 736 3755 the
755 3704 834 3771 King,
850 3706 898 3754 not
909 3703 946 3769 by
959 3702 1076 3768 military
1088 3703 1194 3767 service,
1207 3702 1258 3754 but

122 3789 206 3839 under
216 3788 264 3839 the
277 3787 422 3854 obligation
440 3791 470 3838 to
488 3787 582 3838 render
599 3804 671 3838 some
690 3787 767 3838 small
784 3786 862 3853 thing
874 3785 1030 3852 ‘belonging
1040 3788 1070 3836 to
1082 3784 1153 3848 war,’
1165 3801 1202 3847 as,
1217 3786 1259 3836 lor

121 3873 248 3934 instance,
260 3875 290 3922 to
303 3874 309 3896 ⁶
320 3870 392 3936 yield
410 3871 467 3920 him
485 3870 576 3936 yearly
590 3869 684 3930 show,
697 3885 754 3920 ora
771 3869 865 3930 swerd,
878 3885 908 3919 or
920 3885 936 3919 s
947 3869 1050 3935 dagger,
1064 3885 1094 3919 or
1106 3884 1122 3918 s
1133 3867 1215 3931 anisa,
1229 3885 1259 3919 or

121 3973 137 4007 s
149 3957 207 4022 pair
218 3955 247 4006 oi
258 3955 308 4022 gilt
320 3971 405 4020 epure,
418 3970 449 4004 or
460 3970 495 4004 sn
507 3970 599 4016 armw,
614 3969 644 4003 or
655 3953 745 4003 divers
757 3951 874 4013 arrows,'
887 3952 942 4002 this
954 3968 1009 4002 was
1021 3951 1104 4002 called
1117 3954 1210 4002 tenure
1221 3951 1258 4016 by

120 4037 561 4107 petitsearjeanty.”-(Littleton,
569 4054 619 4087 seo.
633 4039 691 4096 159,
702 4036 772 4087 cited
780 4035 808 4085 in
818 4034 929 4102 Digby's
938 4035 1001 4085 Loro
1010 4035 1041 4097 qs
1050 4035 1116 4085 Reol
1123 4035 1257 4099 Proper-ty,

121 4141 146 4191 p.
165 4126 220 4186 39.)
257 4121 345 4173 Lands
363 4121 425 4172 held
445 4121 479 4186 by
497 4121 581 4188 grand
599 4121 750 4184 searjeanty
769 4119 847 4170 could
864 4119 927 4184 only
946 4118 978 4168 be
996 4118 1057 4169 held
1076 4118 1104 4169 of
1120 4119 1167 4168 the
1185 4118 1259 4184 King
1357 4123 1358 4126 ’

120 4206 235 4266 himself,
251 4205 303 4256 and
315 4206 361 4256 the
373 4209 467 4256 tenure
479 4206 507 4256 ol
518 4204 603 4272 grand
617 4205 768 4268 searjeanty
780 4219 834 4253 was
846 4201 952 4267 usually
965 4201 1076 4268 (though
1088 4204 1136 4252 not
1148 4201 1256 4266 always)

120 4290 176 4340 free
188 4289 256 4339 from
268 4288 382 4354 liability
395 4292 424 4339 to
436 4292 552 4355 scutage,
565 4287 652 4337 which
664 4302 719 4336 was
732 4285 838 4336 nottho
851 4301 909 4335 case
921 4284 987 4335 with
1000 4285 1070 4351 petit
1079 4285 1237 4349 seerjeanty.

157 4369 169 4404 ²
187 4371 310 4422 SeeNos.
325 4374 367 4432 98,
384 4373 441 4422 142.

156 4455 168 4489 ³
186 4455 304 4506 Another
316 4455 383 4505 local
396 4456 515 4506 instance
528 4457 556 4504 of
568 4457 613 4505 the
626 4472 672 4505 use
685 4455 713 4503 ol
725 4454 771 4504 the
784 4454 857 4503 word
872 4454 967 4503 (tinam
981 4468 1011 4502 or
1022 4452 1146 4501 Ovenam.
