2918 4980
342 474 614 527 CARTULARIUM
632 472 835 525 ABBATHIAE
851 472 900 524 DE
917 472 1102 524 WHl'l'EBY.
1223 460 1283 520 467

145 644 301 706 sntecess.
331 660 426 704 meor.
457 660 514 703 sex
544 636 654 721 (rzob)
685 637 763 701 alias
793 637 863 701 bov.
895 637 961 700 t’rae
991 637 1026 700 in
1057 639 1169 701 eadem
1199 637 1287 714 ville,

146 759 282 822 querum
312 739 384 803 duae
413 739 483 803 beu.
514 738 581 802 t'rae
607 739 717 821 jacent
743 737 837 820 juxte
870 736 982 799 villam
1013 736 1053 800 de
1085 736 1288 816 Pontebelli;

145 846 179 903 et
201 839 300 902 etism
323 845 460 922 quatuor
481 837 598 920 viginti
620 856 709 899 aeras
733 837 798 898 t’rae
824 841 858 898 et
883 836 1027 919 quinque
1053 835 1197 900 culturas
1220 837 1287 900 t’rae

144 937 181 1000 in
201 937 314 1002 eudem
333 957 363 1000 v.
389 937 430 1001 de
457 935 701 1018 Sckirpinbeck,
728 955 802 998 cum
829 934 938 1017 pratis,
964 934 1115 1017 pasturis,
1141 941 1174 998 et
1202 955 1286 998 omn.
1411 950 1414 957 ·

144 1037 213 1101 suis
242 1036 581 1121 pertinenciis-Hah.
614 1041 646 1100 et
676 1041 748 1110 teu,
775 1036 884 1098 omnia
907 1035 1012 1118 praed,
1042 1036 1286 1099 advocationem

146 1136 220 1200 ecci
236 1138 343 1222 praed.‚
356 1138 431 1200 t'rss
447 1141 480 1200 et
494 1141 620 1212 tenem„
636 1157 709 1199 cum
729 1134 841 1217 pratis,
856 1142 949 1217 past„
969 1142 1002 1198 et
1018 1157 1102 1200 omn.
1118 1137 1186 1200 suis
1197 1145 1288 1219 pert„

147 1236 217 1300 Deo
239 1242 272 1301 et
295 1237 379 1301 Eccl.
404 1236 433 1300 S.
458 1237 548 1300 Petri
570 1243 603 1299 et
626 1236 655 1300 S.
680 1236 788 1299 Hildae
813 1236 852 1299 de
877 1234 1033 1319 Whiteby
1049 1241 1082 1299 et
1103 1258 1187 1300 mon.
1210 1237 1286 1301 ibid.

146 1335 218 1400 Deo
241 1356 330 1413 seru,
345 1336 381 1398 in
396 1356 475 1419 pur„
490 1334 554 1411 liu,
570 1339 603 1399 et
614 1355 701 1418 perp.
717 1335 819 1411 elem„
834 1334 932 1398 libere
947 1342 981 1398 et
996 1336 1116 1418 quiete,
1131 1335 1170 1399 de
1186 1357 1238 1400 me
1255 1342 1287 1400 et

146 1435 221 1499 haer.
241 1436 330 1512 meis,
351 1436 391 1499 eb
415 1455 497 1498 ormi
525 1434 664 1498 servitiis
690 1433 795 1498 saecul.
817 1441 849 1497 et
869 1434 1045 1499 demendis.
1094 1436 1189 1519 (121)
1203 1436 1287 1499 Volo

145 1534 243 1598 etiam
265 1541 299 1599 et
321 1534 469 1611 concede,
491 1554 548 1617 pro
570 1554 623 1597 1ne
645 1540 678 1597 et
701 1533 774 1598 haer.
797 1533 887 1610 meis,
910 1534 996 1616 quod
1018 1535 1075 1598 ille
1095 1534 1206 1618 places
1221 1536 1287 1599 t’rae

145 1635 234 1718 quae¹
256 1642 402 1718 estpars
424 1634 650 1718 praedictarum
673 1633 808 1697 duarum
829 1634 899 1698 bos.
916 1635 1003 1698 sicut
1025 1635 1289 1698 circumcluditur

145 1754 205 1818 per
225 1733 392 1810 fossatum,
411 1735 522 1816 jacens
540 1735 636 1817 juxta
661 1732 759 1816 praed.
786 1733 898 1796 villam
926 1734 966 1797 de
990 1733 1180 1810 Pontebelli,
1204 1736 1290 1799 inter

147 1833 273 1897 Altam·
283 1834 425 1898 Siretsm
449 1855 489 1898 ex
512 1854 577 1896 uns
599 1840 701 1915 parte,
717 1840 749 1897 et
765 1853 882 1915 aquam
898 1833 938 1896 de
955 1833 1109 1898 Derwent
1124 1854 1163 1897 ex
1179 1834 1289 1912 alters,

143 1935 252 2017 jaceat
273 1943 307 1998 et
327 1941 477 1998 teneatur
498 1933 533 1995 in
548 1932 688 2016 separali
703 1938 736 1996 et
751 1933 883 1996 defenso
899 1933 1034 2016 siugulis
1051 1933 1144 1996 anuis
1160 1940 1193 1997 et
1207 1939 1288 1997 tem-

146 2034 287 2118 pop'bus,
304 2034 388 2099 sicut
403 2033 475 2097 sliae
489 2034 556 2097 t’rae
572 2032 737 2096 seminatae
753 2040 787 2096 et
801 2040 894 2117 prete
912 2033 946 2095 in
963 2032 1073 2096 eadem
1089 2033 1168 2096 villa
1179 2033 1288 2116 jacent

68 2197 70 2201 ,
147 2138 181 2197 et
202 2138 354 2199 tenentur
376 2136 411 2198 in
433 2134 570 2218 separsli
593 2142 626 2197 st
645 2133 796 2210 deffenso,
812 2134 882 2197 sine
897 2133 1130 2216 impedimento
1146 2134 1198 2196 vel
1214 2153 1288 2197 con-

145 2235 337 2300 tradictione
360 2236 424 2300 mei
447 2235 501 2299 vel
522 2235 755 2300 haer.mccru1n
772 2235 806 2297 in
822 2235 970 2298 futurum
984 2235 1088 2297 :-lta
1103 2254 1187 2309 vero,
1201 2233 1287 2317 quod

147 2354 206 2398 nec
222 2355 288 2419 ege,
303 2335 399 2418 praed.
416 2335 563 2411 Thomas,
579 2355 638 2399 nee
653 2335 726 2398 haer.
743 2335 816 2409 mei,
829 2355 887 2398 rrec
902 2333 1020 2416 aliquis
1037 2332 1287 2417 (121b)n01nine

147 2454 219 2498 meo
242 2435 296 2499 vel
321 2434 486 2499 haeredum
509 2455 615 2511 meon,
640 2435 675 2498 in
698 2433 861 2518 praedictis
887 2433 995 2497 advoc.
1022 2433 1108 2509 eccl„
1131 2434 1225 2498 terris
1256 2442 1290 2499 et

148 2539 263 2598 terrem.
280 2555 355 2599 eum
370 2535 482 2618 pratis,
497 2535 647 2618 pasturis,
663 2539 696 2599 et
711 2555 795 2598 omn.
814 2534 880 2597 suis
896 2540 986 2617 pert„
1002 2532 1125 2616 aliquid
1137 2534 1220 2617 juris
1235 2534 1289 2599 vel

148 2633 256 2697 elsmii
271 2635 397 2719 exigere
412 2635 464 2699 vel
479 2635 571 2698 vend.
584 2635 759 2717 poterimus
775 2634 810 2696 in
825 2634 979 2697 futurum.
1026 2634 1067 2696 In
1078 2635 1170 2717 cujus
1181 2656 1204 2698 r.
1216 2641 1288 2699 test.

147 2733 203 2818 sig.
226 2755 334 2798 meum
361 2735 575 2818 praesentibus
599 2734 742 2818 apposui.
790 2733 864 2797 Hiis
887 2734 1035 2798 testibus.
1081 2734 1165 2797 D’no
1191 2736 1287 2799 Petro

148 2834 188 2897 de
211 2834 372 2899 Malolscu
395 2836 426 2900 le
448 2833 575 2918 quint’.2
620 2834 703 2897 D’no
727 2832 900 2916 Radulphc
917 2833 955 2897 de
972 2834 1157 2916 Hestinges.
1202 2834 1287 2897 D'nc

148 2932 313 2997 Willelmo
339 2935 455 2998 Pleice.
502 2934 642 2997 Roberto
669 2933 709 2996 de
736 2930 889 3015 Wyerrr’.⁸
942 2932 1109 2995 Willelmo
1135 2931 1177 2994 fil.
1204 2932 1286 2995 Wil-

147 3031 238 3095 lelmi
253 3033 357 3097 Bsrde
371 3033 412 3097 de
428 3034 603 3116 Osegouby.
641 3032 809 3096 Willelmo
822 3032 974 3115 Friboys:
997 3038 1029 3095 et
1042 3031 1122 3095 aliis.
1164 3031 1286 3094 Datum

148 3132 235 3215 apud
260 3132 427 3217 Whiteby,
454 3133 506 3197 die
529 3133 623 3197 Jovis
649 3132 726 3195 inf.
755 3132 785 3195 S.
810 3131 985 3207 Laurentii,
1010 3131 1091 3195 Α.Ι).
1116 3131 1287 3194 millesimo

148 3233 371 3297 trecentesimo
387 3232 629 3316 quadragesimo
645 3237 744 3295 sext-0.

635 3418 796 3481 DXXXI.

192 3555 377 3619 Willelmus
393 3556 507 3620 Comes
523 3553 751 3631 Albemerliae,⁴
766 3554 916 3618 omnibus
935 3552 964 3616 S.
979 3552 1094 3616 Matris
1105 3553 1190 3618 Eccl.
1203 3554 1287 3633 filiis,

147 3658 215 3716 tam
236 3653 294 3717 fut.
321 3674 419 3737 quem
445 3674 501 3736 pr.,
525 3660 558 3718 et
581 3653 735 3736 Dspifero
758 3660 790 3717 et
813 3651 1023 3716 Viceeomiti⁵
1046 3672 1112 3729 suo,
1142 3659 1175 3717 ct
1201 3675 1286 3721 omn.

148 3751 277 3816 ballivis
307 3758 339 3816 et
361 3772 446 3817 omn.
476 3752 559 3816 fidel.
590 3753 657 3816 suis
692 3751 937 3827 Holdernessiae,
969 3750 1114 3815 salutem.
1172 3754 1287 3819 Sciatis

148 3869 199 3913 me
215 3849 350 3927 dedisse,
366 3857 398 3914 et
413 3851 598 3915 testimonio
613 3852 780 3934 praesentis
803 3871 827 3914 c.
845 3850 1048 3914 confirmasse
1067 3850 1138 3915 Deo
1154 3859 1187 3916 et
1201 3853 1286 3919 Ecel.

150 3946 179 4010 S.
208 3947 295 4011 Petri
321 3957 354 4011 et
381 3949 410 4012 S.
436 3949 545 4013 Hildae
571 3950 611 4013 de
636 3949 802 4032 Whireby,
829 3958 862 4013 et
888 3969 970 4013 mon.
998 3949 1074 4013 ibid.
1102 3951 1172 4016 Deo
1198 3973 1287 4031 seru,

149 4045 258 4110 dimid.
286 4067 425 4111 meream
452 4069 514 4132 arg.
537 4047 717 4126 annuatim,
745 4068 843 4131 quam
869 4047 1054 4111 Willelmus
1084 4049 1171 4113 filius
1199 4050 1287 4115 Ssir⁶

183 4179 194 4214 ¹
212 4184 287 4247 quod.
1024 4181 1035 4214 ²
1053 4183 1101 4234 Sec
1113 4185 1163 4238 No.
1177 4186 1237 4241 47³.

182 4263 194 4299 ³
212 4269 237 4318 A
254 4267 357 4319 Robert
374 4268 408 4319 ds
426 4268 529 4334 Wyern
541 4268 564 4318 is
576 4268 685 4319 witness
696 4271 726 4319 to
738 4268 788 4319 No.
803 4269 863 4330 405,
877 4267 959 4318 dated
971 4267 999 4317 in
1013 4269 1098 4329 13083
1117 4269 1172 4320 ihis
1184 4271 1252 4322 deed
1264 4273 1287 4324 is

147 4347 227 4399 dated
242 4351 318 4413 1346,
332 4367 362 4401 or
375 4352 408 4402 ³8
421 4366 497 4416 years
509 4352 584 4402 later.
1028 4347 1039 4381 ⁴
1057 4349 1105 4401 Sec
1117 4352 1167 4402 No.
1184 4356 1206 4416 l,
1220 4371 1244 4420 p.
1259 4359 1284 4408 5.

182 4429 194 4464 ⁶
217 4433 381 4485 Viceccmitu:
399 4434 516 4500 possibly
528 4450 668 4486 erronecus
680 4433 708 4484 in
722 4433 799 4485 other
810 4432 976 4499 particulam.
1028 4429 1040 4466 ⁶
1057 4433 1106 4486 See
1117 4434 1167 4486 No.
1184 4439 1207 4500 l,
1219 4455 1246 4505 p.
1260 4441 1286 4492 ὅ.
