2918 4980
350 552 620 604 CARTULARIUM
639 551 841 603 ABBATHIAE
859 551 910 604 DE
927 550 1112 605 WHITEBY.
1233 541 1292 601 761

370 767 539 830 chromx
554 782 598 828 un
613 766 744 831 Onoenr
758 780 794 828 nr
811 766 893 831 Con.
910 767 1082 831 Cunnum..

200 903 262 966 Sed
278 903 318 967 de
333 904 456 968 xxiiili.
474 903 513 968 de
528 904 621 967 firme
636 903 710 968 eooi
727 902 766 968 de
783 904 905 989 Orosby
919 905 1016 989 praed.
1031 925 1061 989 p.
1077 925 1104 970 n
1120 905 1199 969 solv.
1227 955 1233 968 .
1258 955 1264 969 .
1289 955 1295 968 .

591 1003 724 1068 Summe
738 1004 821 1068 xxiii
829 1003 862 1069 li.

297 1103 431 1167 Summe
445 1102 555 1167 totalis
572 1103 722 1186 Receptae
736 1103 816 1166 xxix
826 1102 859 1167 li.
875 1124 897 1167 x
907 1124 930 1168 s.
976 1104 1027 1168 De
1038 1103 1156 1188 quibus

350 1278 500 1342 Srrrnrn.
517 1278 619 1343 Cone.
635 1293 704 1341 ouu
720 1293 931 1342 recusemus
947 1294 1111 1342 exeruere.

200 1408 291 1474 Idem
308 1426 408 1496 comp.
424 1412 460 1476 in
475 1412 611 1496 stipend.
627 1413 729 1496 ipsius
745 1420 884 1496 eomput.
902 1412 1033 1479 Collect.
1058 1411 1144 1477 redd.
1168 1417 1201 1478 et
1216 1413 1295 1476 firm.

158 1510 199 1573 ib.
216 1512 255 1574 ad
271 1512 306 1574 xi
315 1511 346 1574 li.
363 1512 452 1576 xvis.
468 1532 499 1596 p.
515 1532 541 1577 e.
558 1518 617 1577 eto.
634 1512 683 1596 [ut
698 1512 818 1595 supro}

525 1685 713 1748 Aunocrmo
729 1700 927 1749 munorum,

203 1819 246 1882 Et
269 1819 303 1881 in
326 1819 416 1884 ailoe.
438 1840 527 1903 pens.
550 1819 618 1882 xlvi
628 1840 651 1883 s.
675 1819 772 1884 viiid.
796 1840 825 1903 p.
848 1840 874 1885 e.
899 1841 1001 1903 nuper
1015 1820 1108 1886 solut.
1124 1841 1181 1905 per
1196 1841 1300 1904 nuper

161 1919 302 1981 Priorem
323 1925 356 1982 et
371 1920 470 1985 Conv.
494 1919 658 1983 Prioretus
681 1918 721 1983 de
744 1919 902 2003 Ormesby
917 1919 953 1982 in
976 1920 1063 1985 Com.
1087 1919 1239 1998 lincoln,
1262 1941 1299 1985 eo

160 2017 248 2101 quod
278 2038 380 2101 nuper
409 2018 573 2082 Prioretus
604 2018 644 2082 do
674 2019 832 2102 Ormosby
857 2019 953 2103 praed.
983 2018 1078 2083 modo
1104 2018 1300 2096 dissolvitur,

162 2123 195 2180 ot
214 2117 249 2178 iu
265 2137 363 2180 manu
386 2117 451 2180 d'ni
474 2117 569 2202 Regis
593 2116 723 2198 existit3
745 2123 778 2182 et
800 2116 886 2201 quod
909 2117 1020 2182 eedem
1042 2118 1154 2202 pensio
1168 2118 1210 2183 ib.
1234 2139 1300 2182 non

162 2215 325 2292 essooatur,
334 2216 469 2300 ideoque
478 2217 512 2279 in
525 2216 714 2281 allocutione
725 2216 786 2281 hoe
798 2237 883 2280 enno
895 2216 965 2280 xlvi
973 2238 997 2281 s.
1012 2217 1122 2281 viiid.:
1138 2216 1214 2282 etin
1226 2238 1300 2281 oon-

163 2315 261 2377 eimili
284 2314 374 2379 alloo.
401 2334 490 2399 pens.
514 2316 605 2381 xiiis.
628 2315 716 2381 iiiid.
739 2337 769 2400 p.
794 2336 821 2381 a.
849 2337 952 2399 nuper
972 2316 1087 2381 eolutae
1115 2337 1173 2400 per
1198 2337 1302 2400 nuper

164 2413 306 2476 Priorem
329 2420 362 2477 et
386 2413 483 2478 Oonv.
508 2435 613 2498 nuper
634 2414 800 2479 Prioretus
822 2415 862 2478 de
886 2414 1023 2479 Sixhille
1045 2415 1079 2478 in
1103 2415 1190 2479 dieto
1213 2415 1301 2480 Com.

165 2512 306 2576 Lineoln.
330 2512 384 2577 hic
407 2512 565 2578 allocatur
586 2534 683 2578 oausa
704 2513 801 2598 praed.
824 2514 918 2580 xiiis.
933 2513 1042 2580 iiiid.:
1064 2520 1097 2578 et
1118 2515 1154 2578 in
1169 2514 1301 2580 consim.

163 2610 254 2676 ailoe.
277 2613 443 2695 pensionis
467 2633 544 2678 xxs.
560 2634 590 2698 p.
607 2635 635 2679 a.
657 2632 761 2697 nuper
782 2613 876 2678 solut.
899 2633 957 2697 per
978 2633 1082 2697 nuper
1104 2614 1246 2679 Priorem
1269 2621 1303 2680 et

165 2711 263 2774 Oonv.
279 2731 383 2795 nuper
398 2711 564 2777 Prioretue
580 2713 620 2777 de
635 2712 843 2798 Alvynghem
863 2713 898 2776 in
916 2713 1004 2778 Com.
1028 2713 1124 2797 praed.
1146 2714 1200 2778 hio
1223 2713 1302 2779 ollo-

165 2816 255 2874 ontur
270 2832 366 2876 eausa
381 2819 418 2876 ut
433 2820 529 2878 antee
544 2834 588 2876 xx
598 2833 622 2877 s.

420 3075 634 3137 Irnrmrnnn
649 3089 689 3136 rr
704 3088 802 3137 exon.
819 3088 1045 3138 nunemonmr.

210 3210 253 3271 Et
268 3209 302 3272 in
318 3209 387 3272 den.
405 3208 500 3272 Leon.
517 3207 668 3272 Bekwith
683 3213 742 3272 eto.
762 3208 811 3292 [ot
824 3208 945 3291 supro}

210 3309 253 3372 Et
275 3329 359 3373 oner.
384 3309 420 3372 in
446 3329 547 3392 eomp.
571 3308 715 3392 ejusdem
737 3308 925 3391 Receptoris
949 3312 988 3372 ut
1008 3314 1176 3392 protento
1197 3308 1303 3374 dener.

166 3428 223 3492 per
245 3428 348 3491 nuper
369 3408 531 3472 Abbetem
553 3414 586 3471 et
602 3407 700 3472 Conv.
717 3406 798 3471 dicti
819 3426 923 3490 nuper
937 3406 1051 3471 Mon'ii
1073 3413 1148 3473 ante
1168 3407 1305 3473 dissolu-

167 3509 289 3571 tionem
304 3507 380 3571 inde
395 3513 511 3591 recept.
527 3507 566 3572 de
581 3505 668 3572 redd.
684 3513 717 3571 et
731 3506 832 3570 firmis
854 3504 973 3571 debitis
995 3507 1036 3571 ed
1058 3506 1078 3570 f.
1103 3507 1132 3572 S.
1154 3506 1200 3571 M.
1223 3507 1258 3572 in
1273 3506 1303 3570 h.

168 3607 252 3672 inira
266 3612 394 3691 tempus
409 3606 506 3690 hujus
521 3606 671 3690 compoti,
687 3604 775 3669 xiili
791 3603 857 3669 vis.
873 3605 933 3669 viii
941 3604 970 3669 d.

550 3706 683 3770 Summa
698 3702 806 3769 xxvli
822 3703 913 3768 viiie.

215 3817 347 3881 Summe
367 3817 469 3881 Alloo.
494 3822 526 3882 et
549 3817 685 3882 Liberat.
709 3815 805 3900 praed.
829 3814 950 3880 xxixii
973 3835 1029 3880 xs.
1079 3815 1159 3894 Quae
1180 3837 1307 3882 summe

170 3916 341 3999 coaequalis
356 3923 405 3980 est
421 3937 494 3981 eum
510 3937 637 3981 summa
652 3915 763 3980 totalis
779 3916 929 3999 Receptae
944 3915 1098 3999 superius.

682 4137 797 4203 DOLI.

340 4276 570 4340 Prnrrcumns
586 4291 647 4340 ron
663 4275 799 4340 Gnmrs
817 4277 856 4340 37
873 4275 983 4340 Hrun.
1001 4291 1070 4340 vm.
1089 4281 1139 4340 65.

216 4412 314 4478 Mem.
331 4411 403 4475 that
420 4413 446 4488 Ι,
462 4411 601 4474 Riohani
618 4409 789 4494 Cholmley
804 4410 840 4474 oi
851 4410 989 4494 Whitby
1005 4412 1040 4474 in
1062 4411 1118 4475 the
1133 4412 1262 4476 eountie
1277 4412 1313 4477 of

172 4513 287 4588 Yorke‚
311 4510 609 4595 Knyghtesquyre,
631 4516 665 4575 to
688 4509 845 4594 purchese
860 4510 896 4574 oi
914 4508 970 4573 the
993 4511 1128 4594 Kynges
1151 4509 1311 4594 Mejestie,
