2918 4980
346 477 617 530 cARTULARIUM
636 479 837 532 ABBATEIAE
855 480 904 530 DE
922 480 1108 533 WHITEBY.
1238 472 1298 528 499

160 638 244 718 aliis,
269 640 394 726 ingredi
422 642 552 707 feodum
579 643 716 729 alicujus
742 645 788 709 ita
807 646 893 729 quod
916 646 956 710 ad
978 667 1111 709 manum
1140 654 1300 711 mortuam

160 738 320 817 deveniat,
335 741 406 807 sine
427 741 558 807 licentia
579 748 689 807 nostra
712 750 745 808 et
767 745 914 828 capitalis
937 745 1004 808 d'ni
1027 745 1148 828 dequo
1172 766 1222 810 res
1245 745 1301 809 illa

158 839 346 905 immediate
375 841 702 907 tenetur-volentes
731 849 839 908 tamen
870 844 987 909 dilecto
1014 851 1047 908 et
1072 844 1163 909 fideli
1191 850 1300 908 nostro

160 937 303 1003 Henrico
326 939 366 1004 de
388 940 506 1023 Percy1
520 941 657 1024 gratiam
681 943 784 1007 facere
799 943 981 1027 specialem,
996 944 1142 1007 dedimus
1158 944 1188 1009 ei
1203 944 1300 1008 licen-

160 1037 250 1114 tiam,
275 1047 435 1122 quantum
461 1040 497 1102 in
522 1040 614 1104 nobis
640 1046 698 1116 est,
725 1043 811 1125 quod
836 1042 905 1126 ipse
931 1043 1112 1106 manerium
1138 1064 1234 1106 suum
1260 1043 1300 1106 de

160 1135 386 1221 Haukesgart',
402 1158 476 1202 cum
491 1145 581 1222 pert,
595 1140 671 1203 dare
694 1148 801 1223 posset
815 1147 849 1204 et
871 1141 1033 1224 assignare
1056 1141 1184 1205 dilectis
1207 1140 1301 1204 nobis

159 1235 196 1298 in
219 1236 349 1301 Christo
370 1238 493 1301 Abbati
515 1245 549 1302 et
571 1239 669 1303 Gonu.
687 1240 727 1303 de
741 1240 1090 1324 Whiteby-Habend.
1106 1246 1139 1304 et
1161 1248 1225 1304 ten.
1237 1241 1300 1303 sibi

160 1340 194 1398 et
205 1354 288 1399 suco.
300 1336 368 1400 suis
379 1336 512 1420 imperp.
523 1342 561 1399 ut
576 1336 671 1421 praed.
685 1338 761 1422 [est]
774 1347 884 1403 tenore
898 1339 1114 1423 praesentium.
1145 1339 1300 1404 Similiter

160 1432 326 1498 licentiam
349 1434 496 1500 dedimus
519 1437 699 1518 specialem,
725 1437 870 1527 nolentes
893 1439 979 1522 quod
1005 1437 1101 1522 praed.
1128 1438 1300 1516 Henrious,

160 1533 215 1597 vel
229 1533 305 1598 haer.
320 1534 379 1612 sui,
395 1554 452 1599 seu
474 1536 600 1618 praefati
615 1536 727 1601 Abbas
747 1544 780 1602 et
795 1539 904 1616 Gonu,
919 1546 976 1602 aut
998 1559 1080 1603 succ.
1104 1538 1163 1614 sui,
1178 1538 1299 1603 ratione

160 1633 277 1697 statuti
291 1633 437 1717 praedicti
452 1655 510 1717 per
525 1655 582 1699 nos
598 1635 650 1699 vel
666 1636 739 1701 haer.
757 1645 881 1702 nostros
904 1639 979 1702 inde
1002 1638 1244 1701 occasionentur
1265 1637 1299 1700 in

161 1731 280 1815 aliquo,
302 1752 359 1798 seu
388 1740 582 1817 graventur3
615 1734 713 1800 salvis
743 1744 851 1801 tamen
882 1737 1076 1820 capitalibus
1105 1735 1188 1799 d'nis
1215 1736 1299 1800 feodi

161 1831 252 1896 illius
267 1833 408 1897 servitiis
422 1833 498 1897 inde
513 1833 630 1898 debitis
646 1841 679 1898 et
694 1837 864 1902 consuetis.
909 1837 951 1900 In
966 1837 1059 1920 cujus
1081 1835 1128 1900 rei
1150 1840 1222 1898 test.
1240 1835 1298 1898 has

160 1931 223 1994 litt
254 1936 380 1995 nostras
409 1932 478 1996 fieri
507 1933 642 1996 fecimus
679 1941 835 2017 patentes.
894 1934 988 1999 Teste
1017 1955 1068 1998 me
1104 1934 1183 2017 ipso,
1213 1933 1298 2016 apud

160 2030 350 2108 Westmon,
364 2030 467 2113 primo
482 2030 535 2094 die
551 2031 673 2115 Aprilis
688 2033 726 2096 A.
742 2034 832 2117 regni
848 2033 950 2097 nostri
965 2033 1115 2097 vicesimo
1131 2031 1276 2114 septimo.

508 2279 610 2344 DLX.
626 2279 735 2364 (17ol)
759 2281 947 2345 Dussauar.

205 2439 392 2516 Edwardus,
418 2439 458 2504 D.
487 2439 525 2504 G.
553 2440 622 2504 Rex
645 2440 749 2524 Angl,
773 2440 877 2504 D'nus
904 2439 991 2515 Hib,
1017 2445 1050 2503 et
1075 2438 1153 2501 Dux
1179 2438 1300 2522 Aquit,

160 2539 311 2603 omnibus
326 2539 367 2603 ad
382 2559 461 2622 quos
476 2559 523 2622 pr.
538 2538 600 2603 litt.
616 2559 712 2622 perv,
728 2539 873 2603 salutem.
919 2538 1036 2602 Sciatis
1058 2536 1145 2620 quod
1164 2558 1222 2621 per
1235 2536 1298 2601 litt.

161 2646 286 2703 nostras
301 2645 448 2722 patentes
464 2639 503 2702 de
518 2638 621 2721 gratia
635 2646 745 2703 nostra
766 2637 898 2722 speciali
920 2638 1134 2702 concessimus
1150 2644 1182 2701 et
1199 2637 1297 2701 licen-

161 2737 241 2803 tiam
271 2738 428 2815 dedimus,
458 2758 514 2821 pro
546 2738 638 2802 nobis
669 2743 702 2802 et
731 2737 804 2801 haer.
836 2738 962 2814 nostrie,
987 2737 1114 2801 dilectis
1144 2737 1236 2801 nobis
1262 2737 1296 2799 in

162 2837 300 2915 Christo
314 2838 437 2902 Abbati
451 2844 485 2902 et
500 2837 598 2903 Gonu.
614 2838 654 2902 de
668 2837 833 2921 Whiteby,
848 2838 933 2920 quod
948 2837 1012 2920 ipsi
1028 2837 1145 2920 viginti
1167 2836 1297 2900 libratas

160 2937 300 3015 t’rarum,
314 2944 579 3014 tenementorum‚
595 2943 627 3002 et
648 2937 834 3001 reddituum
856 2957 914 3020 per
928 2957 1049 3000 annum
1068 2937 1164 3020 juxta
1184 2957 1296 3000 verum

160 3036 301 3102 valorem
324 3036 507 3112 eorundem,
522 3043 589 3100 tam
611 3038 646 3100 in
668 3037 759 3101 feodo
782 3057 839 3101 suo
861 3036 989 3119 proprio
1011 3057 1109 3119 quam
1129 3037 1164 3098 in
1184 3035 1297 3111 alieno,

161 3137 304 3220 exceptis
326 3137 403 3214 t'ris,
417 3136 620 3213 tenementis,
635 3142 668 3200 et
682 3135 861 3199 redditibus
884 3156 955 3219 quac
977 3134 1017 3198 de
1038 3134 1130 3198 nobis
1145 3141 1297 3197 tenentur

160 3235 197 3299 in
218 3236 332 3320 capite,
354 3235 522 3320 adquirere
543 3234 862 3318 possint—Habend.
878 3240 911 3298 et
925 3241 989 3297 ten.
1006 3233 1068 3296 sibi
1084 3239 1116 3296 et
1131 3253 1213 3296 suco.
1230 3234 1296 3296 suis

159 3333 304 3419 imperp.,
326 3339 449 3399 statuto
471 3333 512 3399 de
533 3333 601 3398 t'ris
627 3340 660 3397 et
681 3341 797 3397 tenem.
820 3333 861 3396 ad
887 3352 1019 3395 manum
1044 3338 1204 3394 mortuam
1231 3352 1296 3394 non

159 3434 318 3519 ponendis
334 3433 420 3498 edito
435 3454 501 3496 non
516 3433 673 3510 obstante,
692 3441 789 3515 prout
803 3432 838 3494 in
853 3431 972 3494 litteris
995 3431 1112 3493 nostris
1132 3429 1296 3513 praedictis

158 3533 288 3619 plenius
303 3532 494 3598 continetur.
540 3532 617 3608 Nos,
632 3530 777 3596 volentes
799 3529 1037 3594 concessionem
1059 3533 1201 3591 nostram
1215 3548 1296 3611 praa

161 3634 283 3698 dictam
312 3631 442 3698 effectui
471 3631 580 3696 debito
609 3630 796 3714 mancipari,
826 3629 1039 3694 concessimus
1069 3634 1103 3692 et
1131 3627 1294 3691 licentiam

160 3733 307 3798 dedimus
337 3751 395 3815 pro
424 3731 517 3794 uobis
546 3736 580 3794 et
608 3729 682 3795 haer.
712 3729 838 3805 nostris,
869 3735 1028 3812 quantum
1057 3728 1091 3790 in
1120 3727 1212 3791 nobis
1238 3735 1296 3804 cst,

159 3831 314 3897 Galwano
329 3830 370 3894 de
384 3825 547 3912 Twheng,²
566 3829 715 3892 Personae
738 3827 879 3892 ecclesiae
899 3827 939 3892 de
962 3826 1104 3902 Lithum,
1119 3827 1204 3910 quod
1226 3827 1296 3909 ipsa

158 3949 261 3994 unum
283 3928 493 4012 mesuagium,
507 3947 564 3991 sex
579 3926 670 4003 tofta,
685 3927 796 3990 decem
819 3928 961 4002 bovatas,
981 3932 1014 3990 et
1035 3926 1145 3989 decem
1169 3931 1201 3989 et
1223 3931 1294 3989 octo

158 4029 345 4104 amastrae,
367 4033 433 4091 tres
455 4046 544 4090 acrae
566 4026 660 4109 prati,
683 4033 813 4089 centum
836 4032 869 4090 et
890 4025 1058 4109 sexaginta
1083 4024 1172 4088 acras
1197 4024 1294 4101 bosci,

158 4126 327 4192 duodecim
345 4124 498 4190 solidatas
514 4130 546 4188 et
561 4144 618 4188 sex
632 4123 844 4207 denar[i]atas
866 4123 1020 4201 redditus,
1035 4130 1068 4187 et
1089 4123 1294 4188 medietatem

194 4283 205 4319 ¹
223 4284 276 4336 Son
288 4284 316 4336 oi
327 4285 421 4350 Henry
433 4283 467 4334 de
480 4284 572 4349 Percy,
586 4283 646 4333 who
658 4299 712 4334 was
724 4299 772 4334 son
784 4283 812 4333 oi
824 4283 942 4334 William
954 4283 1001 4334 the
1012 4283 1146 4351 grandson
1158 4284 1187 4334 of
1205 4285 1293 4351 Agnes

156 4368 191 4420 (le
202 4368 286 4434 Percy
298 4367 335 4434 by
346 4367 365 4418 J
366 4367 464 4418 coelius
476 4365 510 4417 de
522 4365 661 4416 Lcuvaiue.

192 4448 205 4484 ²
221 4448 270 4505 See
280 4449 352 4502 Note
365 4454 393 4502 to
406 4448 455 4501 No.
474 4451 514 4511 14,
528 4464 554 4515 p.
570 4450 609 4511 19,
622 4447 675 4498 and
687 4447 743 4499 also
755 4447 846 4511 above,
859 4447 909 4500 No.
922 4450 982 4501 436.
