2918 4980
361 433 635 487 CARTULARIUM
654 437 856 488 ABBATHIAE
876 438 925 489 ΒΕ
943 438 1128 490 menBY.
1250 426 1309 486 471

176 597 329 681 episcopi,
342 598 384 663 lis
399 597 508 663 mota¹
530 600 652 664 Abbati
674 609 707 665 et
730 602 829 667 Conv.
845 602 885 666 de
907 603 1041 687 Wytebi
1063 624 1082 668 a
1105 604 1256 687 magistro
1279 608 1312 666 et

176 696 330 762 fratribus
351 699 534 784 Hospitalis
550 700 580 765 S.
596 701 695 777 Petri,
709 701 813 780 Ebor,
828 723 934 767 coram
956 703 1088 767 Decano
1104 712 1136 768 et
1152 701 1312 786 Capitulo,

174 816 273 879 super
300 799 401 862 travis
431 819 617 864 carucarum
643 801 683 865 de
713 801 854 885 Witehy,
886 802 921 865 in
946 802 1034 866 hunc
1060 802 1191 866 modum
1222 801 1311 885 [con-

174 895 330 980 quievit]²
343 899 502 976 z-videl.,
511 900 597 983 quod
614 900 693 964 dicti
702 901 813 965 Abbas
829 907 862 966 at
877 902 1027 966 monachi
1042 903 1082 966 de
1098 902 1240 984 Witeby,
1253 920 1311 984 pro

173 995 275 1059 travia
291 996 330 1060 de
346 997 496 1062 omnibus
513 999 636 1063 carucis
652 1000 719 1063 suis
736 1019 816 1083 quas
838 999 969 1076 habent,
984 1000 1038 1064 vel
1058 999 1202 1064 habituri
1225 1005 1312 1074 sunt,

173 1093 928 1180 solventsingulisannisincrastinoS.Andreae
938 1099 1309 1182 Apostoli,apudToren·

172 1199 284 1257 tonum
305 1195 403 1278 juxta
425 1196 639 1280 Pikeringam,
662 1197 726 1261 duo
748 1197 839 1261 milia
861 1197 971 1262 allecia
994 1198 1071 1262 boni
1096 1198 1251 1281 pacabilis
1273 1197 1308 1261 in

170 1312 260 1376 perp.
275 1294 438 1378 praedictis
454 1296 606 1379 magistro
624 1302 657 1360 et
672 1296 922 1360 fratribus—Ita
937 1297 1023 1380 quod
1039 1297 1199 1360 immunes
1214 1302 1308 1360 erunt

171 1394 342 1457 memorati
356 1394 466 1459 Abbss
482 1401 515 1459 et
530 1394 678 1459 monachi
694 1415 751 1478 pro
767 1394 826 1460 hac
849 1396 1052 1460 concessione
1068 1417 1087 1485 a
1102 1397 1307 1479 praestatione

171 1497 337 1556 travarum
353 1493 388 1556 in
402 1501 615 1577 perpetuum:
638 1493 742 1558 Salvis
757 1494 919 1577 praedictis
935 1495 1087 1578 magistro
1105 1500 1138 1559 et
1152 1496 1306 1559 fratribus

170 1591 296 1675 integre
310 1597 344 1656 et
357 1592 501 1676 plenarie
517 1593 617 1656 travis
639 1593 679 1657 de
695 1594 816 1657 carucis
831 1593 999 1657 hominum
1022 1593 1131 1677 (134b)
1147 1601 1179 1659 et
1194 1601 1306 1658 tenen-

170 1689 256 1753 tium
279 1691 438 1755 dictorum
460 1691 596 1755 Abbatis
619 1699 653 1756 et
676 1692 775 1757 Coun.
792 1693 832 1756 de
854 1693 995 1776 Witeby.
1042 1693 1076 1757 Si
1099 1700 1207 1757 autern
1230 1714 1305 1757 con-

168 1790 276 1872 tingat
304 1790 390 1874 quod
421 1789 545 1873 aliquas
575 1791 649 1854 t’ras
676 1790 717 1854 ad
743 1791 869 1855 firmam
895 1792 1049 1874 ceperint,
1074 1792 1128 1855 vel
1155 1791 1194 1855 de
1220 1813 1304 1856 novo

167 1888 389 1973 adquisierint,
404 1890 444 1954 de
459 1890 577 1973 quibus
592 1889 726 1953 bladum
742 1891 771 1954 S.
789 1890 877 1955 Petri
891 1890 1054 1973 percipere
1070 1897 1306 1954 consueverunt

168 1988 336 2071 saepedicti
360 1989 505 2073 magistri
531 1996 563 2053 et
589 1988 712 2066 fratres,
735 1989 774 2053 de
800 1989 937 2073 singulis
964 1989 1086 2052 carucis
1109 1996 1208 2052 terras
1230 1988 1303 2053 illas

167 2086 348 2151 colentibus
370 2087 512 2172 singulas
535 2093 641 2152 travae
664 2108 787 2152 annuas
809 2088 996 2172 persolvant
1017 2088 1112 2171 praed.
1137 2088 1249 2153 Abbas
1271 2094 1304 2152 et

167 2186 326 2263 monachi,
352 2187 405 2250 vel
429 2187 508 2251 alias
534 2187 744 2252 satisfaciant.
800 2188 843 2250 Et
869 2208 910 2252 ne
937 2187 1047 2269 aliquo
1078 2207 1154 2251 casu
1180 2187 1216 2250 in
1241 2186 1303 2251 hac

165 2285 326 2350 solutione
349 2306 472 2352 cessare
496 2293 702 2370 praesumant,
728 2286 951 2370 jurisdictioni
980 2286 1105 2350 Decaui
1135 2293 1169 2350 ct
1199 2286 1302 2371 Capit.

167 2384 260 2449 libor.
271 2406 304 2450 se
320 2386 525 2470 subjecerunt
533 2386 697 2470 saepedicti
708 2386 819 2450 Abbas
829 2391 862 2450 et
872 2386 971 2450 Conv.
984 2386 1024 2449 de
1039 2386 1182 2468 Witeby,
1193 2386 1302 2470 appel-

165 2483 286 2549 latione
300 2494 431 2562 remota,
445 2491 483 2548 nt
498 2485 540 2550 ad
555 2485 616 2549 hoc
630 2485 874 2569 compellantur.
921 2484 1074 2568 inhujus
1090 2491 1200 2548 autem
1215 2505 1301 2548 conr-

164 2585 335 2668 positionis
361 2585 457 2648 robur
482 2591 515 2649 et
537 2585 768 2662 testimonium,
791 2585 949 2660 dictorum
976 2584 1115 2648 Abbatis
1137 2591 1170 2648 et
1193 2585 1302 2660 Gonu,

165 2689 199 2746 et
221 2682 371 2768 Magistri
397 2690 430 2747 et
449 2684 597 2747 Fratrum
624 2683 814 2767 Hospitalis,
834 2704 959 2748 necnon
986 2683 1110 2747 Decani
1135 2692 1168 2748 et
1195 2684 1299 2767 Capit.

164 2781 269 2858 libor,
292 2803 397 2846 coram
428 2783 546 2866 quibus
575 2782 645 2846 haec
674 2789 746 2847 acta
775 2789 861 2859 sunt,
891 2782 966 2846 huic
997 2803 1055 2846 scr.
1088 2782 1195 2866 sigilla
1224 2789 1301 2847 sunt

163 2882 318 2965 apposita

163 3020 224 3071 iour
241 3019 344 3071 secular
361 3020 465 3085 priests,
478 3019 552 3087 eight
569 3019 668 3081 sistere,
682 3018 770 3085 thirty
788 3017 938 3080 choristers,
951 3021 1006 3068 two
1023 3016 1232 3078 schoolmasters¹
1246 3022 1301 3069 two

162 3102 285 3154 hundred
297 3102 350 3153 and
363 3103 404 3153 six
415 3103 551 3163 beadmen‚
562 3101 616 3152 and
628 3102 668 3152 six
680 3102 815 3164 servitore,
826 3101 892 3152 with
904 3101 981 3151 lands
993 3101 1045 3151 and
1059 3105 1132 3151 rents
1144 3101 1300 3168 amounting

162 3186 191 3237 in
202 3185 250 3237 the
262 3185 348 3236 whole
360 3188 389 3235 to
398 3186 477 3245 2500,
494 3186 546 3235 lls.
560 3180 628 3254 lid,
641 3183 692 3234 but
703 3184 771 3235 clare
780 3183 844 3249 only
856 3185 936 3244 2³62,
952 3185 1005 3233 lls.
1022 3182 1080 3245 ltu
1117 3182 1174 3233 The
1182 3183 1232 3233 site
1245 3199 1300 3233 was

161 3268 283 3336 ffauoed,
297 3270 330 3319 35
344 3268 437 3334 Henry
450 3281 522 3328 vnn,
536 3272 565 3317 to
577 3267 619 3319 Sir
631 3266 761 3332 Anthony
773 3267 870 3331 Darcy‚
885 3266 945 3326 and,
962 3269 978 3318 6
992 3264 1137 3333 Elisabeth,
1150 3269 1180 3316 ιο
1198 3266 1300 3317 Robert

161 3351 226 3403 Earl
237 3350 545 3417 Dndlay.”-(Dugdale,
565 3351 648 3412 Mon.)
686 3348 724 3400 St.
739 3348 879 3400 leonard’s
898 3349 983 3410 Plane,
996 3348 1043 3398 the
1055 3352 1139 3398 street
1155 3364 1185 3398 so
1204 3348 1295 3409 called,

161 3451 223 3485 now
235 3434 325 3485 marks
336 3434 383 3484 the
395 3434 453 3485 site.

196 3516 273 3569 ¹820
291 3517 341 3568 No.
355 3519 416 3578 295,
435 3516 516 3567 dated
536 3518 611 3568 lasa.
650 3516 794 3582 Assuming
811 3514 858 3567 the
878 3519 894 3543 ‘⁶
903 3514 1043 3566 translatio
1052 3513 1069 3540 ’'
1085 3512 1113 3563 of
1130 3513 1299 3580 Archbishop

159 3600 276 3651 Thomas
286 3604 316 3651 ιο
328 3600 361 3650 be
373 3599 419 3650 the
431 3599 610 3650 transference
622 3599 650 3650 oi
662 3598 704 3649 his
715 3598 787 3664 body
800 3598 868 3648 from
880 3598 915 3649 its
928 3597 986 3648 first
1004 3597 1188 3663 restingplace
1206 3597 1233 3647 in
1251 3598 1298 3648 tha

159 3690 238 3750 crypt
250 3684 278 3734 oi
289 3682 457 3748 Canterbury
469 3682 611 3733 Csthedral
623 3686 653 3733 ιο
665 3682 713 3733 the
725 3682 814 3732 shrine
829 3680 956 3746 prepared
968 3681 1009 3731 for
1027 3681 1050 3731 it
1061 3680 1161 3731 behind
1173 3681 1220 3731 the
1232 3681 1297 3748 high

158 3769 235 3829 altar,
249 3766 337 3818 which
348 3766 414 3818 took
426 3766 501 3832 place
513 3766 540 3815 in
552 3765 600 3816 the
613 3782 677 3830 year
692 3768 759 3817 1200
779 3766 835 3826 (the
853 3764 1033 3815 canonisation
1051 3763 1151 3830 having
1169 3765 1297 3830 preceded

157 3851 213 3903 this
225 3855 269 3901 act
281 3851 316 3915 by
330 3850 412 3900 about
423 3855 619 3914 twenty-seven
631 3852 727 3914 years),
743 3865 783 3899 we
795 3847 863 3899 have
875 3864 947 3898 some
959 3847 1018 3897 clue
1035 3852 1064 3898 ιο
1082 3846 1129 3898 the
1147 3848 1238 3898 rather
1256 3848 1296 3898 in-

157 3934 266 3985 definite
278 3934 340 3984 date
352 3933 430 4001 given
443 3933 485 3982 ior
497 3932 542 3983 the
553 3932 646 3982 earlier
655 3932 809 3982 settlement
822 3931 850 3981 oi
861 3930 916 3982 thia
925 3929 1031 3995 disputa
1041 3928 1129 3979 which
1139 3930 1161 3980 is
1170 3931 1296 3981 recorded

157 4019 186 4070 in
198 4018 245 4070 the
260 4023 365 4083 present
376 4017 450 4067 daed.
488 4017 516 4067 lt
527 4016 581 4065 will
594 4016 627 4066 be
645 4015 772 4066 observed
790 4016 852 4066 that
869 4014 919 4065 No.
933 4015 985 4065 295
1003 4014 1027 4064 is
1044 4013 1072 4062 in
1090 4013 1192 4064 several
1214 4017 1295 4080 parti-

158 4102 244 4153 cnlsrs
257 4117 328 4151 mora
340 4101 438 4166 precise
451 4099 503 4150 and
516 4099 630 4149 definite.

195 4183 300 4234 ²Soma
320 4185 478 4248 expression,
501 4183 565 4232 such
586 4198 616 4232 as
639 4184 722 4247 sopita
746 4188 788 4241 est,
811 4197 840 4231 or
864 4181 1007 4244 concubuit,
1032 4179 1055 4229 is
1076 4178 1202 4244 requisita
1226 4179 1296 4244 here,

160 4268 214 4319 and
234 4267 281 4318 the
302 4267 382 4318 latter
402 4267 423 4317 is
444 4265 584 4334 suggested
605 4264 702 4330 simply
721 4264 833 4314 because
851 4263 875 4313 it
895 4264 918 4312 is
939 4262 987 4314 the
1011 4261 1084 4313 word
1108 4262 1245 4328 employed
1268 4264 1296 4313 in

156 4352 205 4407 No.
220 4353 280 4402 295.
