2918 4980
341 497 612 549 CARTULARIUM
632 498 835 549 ABBATHIAE
854 498 903 549 DE
917 498 1105 551 WHITEBY.
1224 486 1285 546 675

149 660 206 742 (1111
232 661 332 736 novit,
359 659 489 724 domino
512 662 583 725 Deo
605 661 740 726 nostr0.”
786 663 887 727 Vovit
913 683 987 747 ergo
1013 663 1108 746 quod,
1134 662 1163 727 si
1184 661 1288 726 victor

147 759 308 837 existeret,
323 760 424 823 filiam
447 781 538 825 suam
558 761 700 825 Domino
723 781 812 826 sacra
827 761 1015 846 virginitate
1038 761 1167 838 dicaret,
1189 759 1286 825 simul

148 867 181 922 et
218 861 264 923 xii
301 862 484 925 mansiones
520 859 714 945 praediorum
750 862 792 924 ad
829 860 1057 926 constituenda
1092 860 1287 925 monasteria

149 957 291 1025 donaret.
335 961 379 1023 Et
404 960 450 1024 sio
476 979 575 1042 parvo
605 960 745 1044 stipatus
776 961 905 1044 agmine
931 981 964 1025 se
991 960 1159 1024 certamini
1188 959 1287 1034 dedit,

149 1057 288 1141 denique
310 1059 412 1122 fertur
432 1079 593 1143 paganum
616 1060 724 1123 tricies
750 1061 904 1143 majorem
927 1059 1104 1124 exereitum
1126 1058 1287 1133 habuisse,

148 1176 222 1220 nam
239 1157 375 1222 ducibus
390 1180 458 1221 xxx
473 1158 513 1222 ad
528 1159 651 1223 bellum
666 1158 840 1243 diligenter
854 1159 1031 1235 instructis,
1046 1159 1173 1222 Oswiua
1188 1157 1287 1233 solus,

148 1277 222 1319 oum
244 1257 311 1322 filio
333 1258 488 1335 Aelfrid0,
505 1258 634 1323 Christo
657 1257 738 1322 duce
760 1278 937 1334 occurrens,
955 1258 1029 1322 illos
1051 1258 1128 1342 fuga
1142 1258 1231 1334 vicit,
1253 1262 1286 1320 et

147 1355 183 1417 in
198 1356 361 1438 sequendo
375 1358 522 1441 peremit.

192 1455 318 1520 Cecidit
333 1458 418 1520 inter
433 1463 563 1520 caeteros
587 1457 697 1520 Penda
711 1477 769 1520 rex
784 1457 1010 1539 nequissimus,
1025 1457 1082 1539 qui
1098 1463 1147 1520 tot
1162 1455 1286 1520 nobiles

147 1555 216 1618 vita
237 1555 407 1638 temporali
428 1555 577 1639 privavit.
623 1554 749 1619 Cecidit
764 1575 821 1618 rex
836 1555 1045 1618 AEthelherus
1068 1556 1167 1618 frater
1180 1554 1286 1617 Annae

147 1653 238 1735 regis,
254 1652 293 1716 de
316 1672 380 1735 quo
403 1673 499 1734 supra
521 1652 736 1729 meminimus,
751 1658 863 1715 auctor
877 1652 946 1736 ipse
967 1652 1056 1728 belli,
1071 1653 1136 1735 qui,
1151 1651 1286 1734 perditis

148 1752 315 1827 militibus,
341 1751 448 1815 noluit
473 1751 561 1815 solus
587 1753 697 1834 perire.
753 1753 796 1815 Et
822 1751 899 1834 quia
927 1771 1026 1834 prope
1056 1751 1202 1827 fiuvium,
1228 1750 1285 1833 qui

148 1850 299 1913 Winwed
325 1850 453 1926 dicitur,
478 1855 659 1934 pugnaturn
689 1855 747 1926 est,
777 1850 834 1933 qui
864 1857 943 1914 tuno
972 1871 1031 1932 per
1059 1849 1284 1913 inundantiam

147 1947 332 2030 pluviarum
362 1968 473 2012 omnes
502 1954 605 2012 metas
635 1968 710 2012 suas
739 1948 920 2024 transierat,
949 1948 1086 2032 contigit
1114 1954 1153 2012 ut
1181 1949 1285 2012 multo

147 2047 255 2129 plures
278 2068 361 2130 aqua
383 2048 541 2131 fugientes
568 2068 665 2131 quam
687 2048 845 2112 bellantes
871 2049 1018 2132 perderet
1044 2049 1138 2112 ensis.
1189 2048 1285 2112 Unde

148 2147 250 2210 exivit
277 2147 500 2229 proverbium:
530 2148 600 2210 “In
623 2147 774 2210 Winwed
796 2167 891 2211 amne
917 2147 1081 2210 vindicata
1107 2153 1156 2211 001
1183 2146 1284 2211 caedes

147 2246 263 2322 Annae,
289 2248 391 2311 oaedes
421 2267 533 2330 regum
560 2245 726 2330 Segeberti
752 2253 786 2310 et
811 2246 929 2330 Egrici,
955 2246 1057 2310 caedes
1084 2246 1227 2310 Oswaldi
1252 2252 1285 2310 et

148 2345 322 2409 Eadwini.”

190 2445 279 2507 Tunc
298 2465 355 2508 rex
378 2445 515 2521 00111110,
534 2445 631 2527 juxta
655 2445 740 2528 quod
764 2443 905 2508 Domino
928 2449 1068 2521 voverat,
1089 2465 1147 2528 pro
1170 2445 1286 2509 collata

147 2543 209 2605 sibi
227 2543 362 2606 victoria
383 2544 504 2627 gratias
527 2544 598 2607 Deo
620 2544 770 2619 referens,
786 2542 876 2607 dedit
897 2542 998 2606 filiam
1020 2564 1122 2620 suam,
1136 2564 1209 2627 quae
1229 2544 1285 2606 vix

147 2643 244 2704 unius
266 2642 344 2704 enni
366 2650 495 2706 aetatem
516 2641 710 2725 impleverat
732 2649 888 2725 perpetua
909 2643 950 2706 Ei
969 2643 1154 2727 virginitate
1177 2664 1286 2708 conse-

146 2741 306 2815 crandam,
328 2740 364 2802 in
386 2741 584 2805 Monasterio
607 2741 693 2824 quod
720 2741 899 2817 Herteseie,
924 2741 958 2804 id
982 2748 1040 2818 est,
1062 2741 1168 2807 insula
1191 2742 1288 2819 cervi,

146 2844 360 2922 nuncupatur,
386 2840 439 2903 cui
465 2848 543 2904 tunc
567 2841 669 2904 Hilda
695 2841 825 2924 praefuit
851 2841 1031 2906 Abbatissa
1086 2843 1174 2920 Quae,
1200 2863 1285 2907 com-

146 2944 256 3020 parata
274 2939 475 3021 possessione
494 2938 604 3003 decem
627 2939 832 3015 familiarum,
846 2941 882 3002 in
903 2940 975 3004 loco
997 2941 1053 3023 qui
1077 2941 1285 3006 Streueshalh

146 3037 337 3121 appellatur,
351 3038 583 3101 monasterium
598 3038 644 3101 ibi
659 3038 848 3101 construxit.

248 3248 490 3311 DCXXVHm.
515 3248 579 3330 (Ex
594 3248 663 3311 vita
679 3247 708 3311 S.
727 3245 993 3322 Hildae,Le1andi
1010 3247 1183 3312 Colleotan.

590 3357 651 3420 vol.
668 3357 711 3420 iii.
728 3379 758 3440 p.
777 3359 840 3440 36.)

191 3495 424 3559 Monasterium
441 3495 471 3559 S.
489 3494 597 3558 Hildae
611 3494 698 3577 apud
721 3495 917 3559 Streneshall
939 3495 1069 3578 penitus
1088 3495 1285 3560 destructum

147 3595 210 3659 11111
231 3596 272 3658 ab
295 3595 434 3678 Inguaro
457 3600 491 3657 et
512 3593 644 3673 Hubba,
663 3593 818 3677 Titusque
840 3595 953 3659 Abbas
976 3594 1190 3672 Glesconiam,
1212 3616 1286 3660 oum

147 3695 292 3778 reliquiis
308 3695 338 3758 S.
357 3693 475 3770 Hildae,
491 3693 625 3777 aufugit.
825 3690 832 3700 '

192 3795 391 3857 Restitutum
407 3794 471 3856 11111
486 3792 723 3856 Μο1100101111111
745 3793 785 3857 de
808 3792 998 3871 Strenshall,
1019 3799 1164 3879 tempore
1186 3795 1286 3860 Henr.

149 3892 254 3975 primi,
269 3913 325 3975 per
340 3890 553 3957 Guilielmum
568 3892 673 3956 Perse.

468 4090 706 4155 0011111111.
731 4091 876 4175 (111011.
895 4092 959 4173 11.)

197 4223 282 4285 Mira
307 4242 357 4286 100
384 4231 433 4286 001
458 4224 566 4288 videre
593 4232 757 4308 serpentes
787 4227 873 4309 apud
903 4227 1102 4293 Streneshall
1132 4229 1167 4291 in
1197 4229 1288 4293 orbes

152 4324 279 4406 giratoa,
302 4329 334 4386 et
357 4322 563 4387 inclementia
584 4324 667 4401 coeli,
687 4326 749 4401 vel,
771 4332 809 4388 ut
831 4327 980 4391 monachi
1003 4329 1119 4404 10111111,
1140 4328 1288 4410 precibus

153 4421 235 4484 divio
252 4420 362 4485 Hildae
377 4421 411 4483 in
425 4420 550 4504 lapides
566 4423 712 4486 concreti.
752 4424 855 4487 Locus
869 4424 926 4488 ubi
942 4446 1028 4490 nuuc
1043 4426 1224 4491 coenobium
1239 4432 1289 4491 est
