<?xml version="1.0" encoding="UTF-8"?>
<!DOCTYPE html PUBLIC "-//W3C//DTD XHTML 1.0 Transitional//EN"
    "http://www.w3.org/TR/xhtml1/DTD/xhtml1-transitional.dtd">
<html xmlns="http://www.w3.org/1999/xhtml" xml:lang="en" lang="en">
 <head>
  <title>
</title>
<meta http-equiv="Content-Type" content="text/html;charset=utf-8" />
  <meta name='ocr-system' content='tesseract 3.04.00' />
  <meta name='ocr-capabilities' content='ocr_page ocr_carea ocr_par ocr_line ocrx_word'/>
</head>
<body>
  <div class='ocr_page' id='page_1' title='image "./cartulariumabba02abbegoog_0070.png"; bbox 0 0 2918 4980; ppageno 0'>
   <div class='ocr_carea' id='block_1_1' title="bbox 272 509 1214 575">
    <p class='ocr_par' dir='ltr' id='par_1_1' title="bbox 272 509 1214 575">
     <span class='ocr_line' id='line_1_1' title="bbox 272 509 1214 575; baseline -0.003 -2"><span class='ocrx_word' id='word_1_1' title='bbox 272 520 544 574; x_wconf 59' lang='lat' dir='ltr'>consummem</span> <span class='ocrx_word' id='word_1_2' title='bbox 562 522 767 574; x_wconf 80' lang='lat' dir='ltr'><strong>ABBATHIAE</strong></span> <span class='ocrx_word' id='word_1_3' title='bbox 785 523 834 574; x_wconf 82' lang='lat' dir='ltr'>DE</span> <span class='ocrx_word' id='word_1_4' title='bbox 848 522 1034 575; x_wconf 78' lang='lat' dir='ltr'>WHITEBY.</span> <span class='ocrx_word' id='word_1_5' title='bbox 1154 509 1214 571; x_wconf 81' lang='grc'>409</span> 
     </span>
    </p>
   </div>
   <div class='ocr_carea' id='block_1_2' title="bbox 451 711 853 778">
    <p class='ocr_par' dir='ltr' id='par_1_2' title="bbox 451 711 853 778">
     <span class='ocr_line' id='line_1_2' title="bbox 451 711 853 778; baseline -0.002 0"><span class='ocrx_word' id='word_1_6' title='bbox 451 711 667 778; x_wconf 81' lang='lat' dir='ltr'>oeocLVII.</span> <span class='ocrx_word' id='word_1_7' title='bbox 690 712 853 778; x_wconf 64' lang='lat' dir='ltr'>Sunuoum</span> 
     </span>
    </p>
   </div>
   <div class='ocr_carea' id='block_1_3' title="bbox 77 829 1217 1617">
    <p class='ocr_par' dir='ltr' id='par_1_3' title="bbox 77 829 1217 1617">
     <span class='ocr_line' id='line_1_3' title="bbox 124 829 1217 916; baseline 0.004 -18"><span class='ocrx_word' id='word_1_8' title='bbox 124 829 212 916; x_wconf 67' lang='lat' dir='ltr'>(57b)</span> <span class='ocrx_word' id='word_1_9' title='bbox 229 834 322 900; x_wconf 84' lang='lat' dir='ltr'>Omn</span> <span class='ocrx_word' id='word_1_10' title='bbox 347 835 469 901; x_wconf 81' lang='lat' dir='ltr'>Christi</span> <span class='ocrx_word' id='word_1_11' title='bbox 490 836 639 902; x_wconf 88' lang='lat' dir='ltr'>fidelibus</span> <span class='ocrx_word' id='word_1_12' title='bbox 661 836 719 902; x_wconf 85' lang='lat' dir='ltr'>hes</span> <span class='ocrx_word' id='word_1_13' title='bbox 741 838 804 902; x_wconf 93' lang='lat' dir='ltr'>litt.</span> <span class='ocrx_word' id='word_1_14' title='bbox 820 837 879 903; x_wconf 91' lang='lat' dir='ltr'>vis.</span> <span class='ocrx_word' id='word_1_15' title='bbox 894 837 954 902; x_wconf 88' lang='lat' dir='ltr'>vel.</span> <span class='ocrx_word' id='word_1_16' title='bbox 971 837 1042 902; x_wconf 87' lang='lat' dir='ltr'>sud</span> <span class='ocrx_word' id='word_1_17' title='bbox 1064 839 1088 904; x_wconf 86' lang='lat' dir='ltr'><strong>J</strong></span> <span class='ocrx_word' id='word_1_18' title='bbox 1089 837 1217 902; x_wconf 82' lang='lat' dir='ltr'>ohanne</span> 
     </span>
     <span class='ocr_line' id='line_1_4' title="bbox 79 931 1217 1022; baseline 0.004 -26"><span class='ocrx_word' id='word_1_19' title='bbox 79 931 250 1012; x_wconf 86' lang='lat' dir='ltr'>Arnndel,¹</span> <span class='ocrx_word' id='word_1_20' title='bbox 264 936 333 1000; x_wconf 86' lang='lat' dir='ltr'>filia</span> <span class='ocrx_word' id='word_1_21' title='bbox 347 936 518 1022; x_wconf 83' lang='lat' dir='ltr'>Reginsldi</span> <span class='ocrx_word' id='word_1_22' title='bbox 532 937 687 1015; x_wconf 74' lang='lat' dir='ltr'>Arundel</span> <span class='ocrx_word' id='word_1_23' title='bbox 709 937 856 1002; x_wconf 84' lang='lat' dir='ltr'>salutem</span> <span class='ocrx_word' id='word_1_24' title='bbox 900 938 934 1001; x_wconf 88' lang='lat' dir='ltr'>N</span> <span class='ocrx_word' id='word_1_25' title='bbox 935 958 982 1002; x_wconf 93' lang='lat' dir='ltr'>ov.</span> <span class='ocrx_word' id='word_1_26' title='bbox 999 938 1087 1003; x_wconf 87' lang='lat' dir='ltr'>univ.</span> <span class='ocrx_word' id='word_1_27' title='bbox 1110 943 1217 1002; x_wconf 85' lang='lat' dir='ltr'>vestre</span> 
     </span>
     <span class='ocr_line' id='line_1_5' title="bbox 78 1033 1217 1122; baseline 0.005 -28"><span class='ocrx_word' id='word_1_28' title='bbox 78 1051 141 1109; x_wconf 90' lang='lat' dir='ltr'>me,</span> <span class='ocrx_word' id='word_1_29' title='bbox 155 1033 190 1096; x_wconf 90' lang='lat' dir='ltr'>in</span> <span class='ocrx_word' id='word_1_30' title='bbox 205 1035 365 1101; x_wconf 79' lang='lat' dir='ltr'>viduitate</span> <span class='ocrx_word' id='word_1_31' title='bbox 388 1058 467 1114; x_wconf 84' lang='lat' dir='ltr'>mes,</span> <span class='ocrx_word' id='word_1_32' title='bbox 482 1058 540 1122; x_wconf 88' lang='lat' dir='ltr'>pro</span> <span class='ocrx_word' id='word_1_33' title='bbox 555 1037 610 1102; x_wconf 84' lang='lat' dir='ltr'>sel.</span> <span class='ocrx_word' id='word_1_34' title='bbox 626 1058 652 1101; x_wconf 82' lang='lat' dir='ltr'>o.</span> <span class='ocrx_word' id='word_1_35' title='bbox 669 1058 757 1115; x_wconf 82' lang='lat' dir='ltr'>mese,</span> <span class='ocrx_word' id='word_1_36' title='bbox 772 1044 805 1102; x_wconf 90' lang='lat' dir='ltr'>et</span> <span class='ocrx_word' id='word_1_37' title='bbox 827 1036 1006 1101; x_wconf 83' lang='lat' dir='ltr'>animorum</span> <span class='ocrx_word' id='word_1_38' title='bbox 1028 1037 1130 1122; x_wconf 83' lang='lat' dir='ltr'>putris</span> <span class='ocrx_word' id='word_1_39' title='bbox 1152 1038 1217 1100; x_wconf 92' lang='lat' dir='ltr'>mei</span> 
     </span>
     <span class='ocr_line' id='line_1_6' title="bbox 79 1131 1215 1221; baseline 0.002 -24"><span class='ocrx_word' id='word_1_40' title='bbox 79 1131 252 1218; x_wconf 82' lang='lat' dir='ltr'>Regineldi</span> <span class='ocrx_word' id='word_1_41' title='bbox 272 1135 429 1213; x_wconf 85' lang='lat' dir='ltr'>Amndel,</span> <span class='ocrx_word' id='word_1_42' title='bbox 448 1142 481 1201; x_wconf 88' lang='lat' dir='ltr'>et</span> <span class='ocrx_word' id='word_1_43' title='bbox 502 1136 615 1201; x_wconf 85' lang='lat' dir='ltr'>metris</span> <span class='ocrx_word' id='word_1_44' title='bbox 642 1156 721 1201; x_wconf 86' lang='lat' dir='ltr'>meae</span> <span class='ocrx_word' id='word_1_45' title='bbox 744 1137 889 1221; x_wconf 81' lang='lat' dir='ltr'>Agathos,</span> <span class='ocrx_word' id='word_1_46' title='bbox 912 1142 944 1200; x_wconf 89' lang='lat' dir='ltr'>et</span> <span class='ocrx_word' id='word_1_47' title='bbox 965 1157 1023 1220; x_wconf 89' lang='lat' dir='ltr'>pro</span> <span class='ocrx_word' id='word_1_48' title='bbox 1045 1136 1215 1200; x_wconf 79' lang='lat' dir='ltr'><strong>animabus</strong></span> 
     </span>
     <span class='ocr_line' id='line_1_7' title="bbox 79 1230 1217 1320; baseline 0.003 -25"><span class='ocrx_word' id='word_1_49' title='bbox 79 1230 154 1296; x_wconf 85' lang='lat' dir='ltr'>haer.</span> <span class='ocrx_word' id='word_1_50' title='bbox 169 1253 321 1312; x_wconf 83' lang='lat' dir='ltr'>meorum,</span> <span class='ocrx_word' id='word_1_51' title='bbox 337 1235 417 1313; x_wconf 90' lang='lat' dir='ltr'>ded,</span> <span class='ocrx_word' id='word_1_52' title='bbox 431 1256 518 1301; x_wconf 87' lang='lat' dir='ltr'>conc.</span> <span class='ocrx_word' id='word_1_53' title='bbox 534 1234 643 1301; x_wconf 83' lang='lat' dir='ltr'>etheo</span> <span class='ocrx_word' id='word_1_54' title='bbox 664 1257 711 1320; x_wconf 89' lang='lat' dir='ltr'>pr.</span> <span class='ocrx_word' id='word_1_55' title='bbox 728 1256 752 1300; x_wconf 91' lang='lat' dir='ltr'>o.</span> <span class='ocrx_word' id='word_1_56' title='bbox 769 1255 841 1300; x_wconf 86' lang='lat' dir='ltr'>mes</span> <span class='ocrx_word' id='word_1_57' title='bbox 862 1235 945 1301; x_wconf 89' lang='lat' dir='ltr'>conf.</span> <span class='ocrx_word' id='word_1_58' title='bbox 960 1236 996 1298; x_wconf 94' lang='lat' dir='ltr'>in</span> <span class='ocrx_word' id='word_1_59' title='bbox 1010 1256 1089 1319; x_wconf 79' lang='lat' dir='ltr'>pun,</span> <span class='ocrx_word' id='word_1_60' title='bbox 1103 1235 1169 1312; x_wconf 77' lang='lat' dir='ltr'>liu,</span> <span class='ocrx_word' id='word_1_61' title='bbox 1184 1240 1217 1298; x_wconf 91' lang='lat' dir='ltr'>et</span> 
     </span>
     <span class='ocr_line' id='line_1_8' title="bbox 78 1332 1216 1415; baseline 0.001 -18"><span class='ocrx_word' id='word_1_62' title='bbox 78 1351 167 1415; x_wconf 84' lang='lat' dir='ltr'><strong>perp.</strong></span> <span class='ocrx_word' id='word_1_63' title='bbox 183 1332 283 1410; x_wconf 86' lang='lat' dir='ltr'>elem,</span> <span class='ocrx_word' id='word_1_64' title='bbox 301 1334 465 1399; x_wconf 84' lang='lat' dir='ltr'>sexdecim</span> <span class='ocrx_word' id='word_1_65' title='bbox 487 1355 574 1400; x_wconf 82' lang='lat' dir='ltr'>acres</span> <span class='ocrx_word' id='word_1_66' title='bbox 589 1336 657 1400; x_wconf 83' lang='lat' dir='ltr'>t&#39;rae</span> <span class='ocrx_word' id='word_1_67' title='bbox 678 1335 714 1398; x_wconf 91' lang='lat' dir='ltr'>in</span> <span class='ocrx_word' id='word_1_68' title='bbox 736 1336 869 1400; x_wconf 85' lang='lat' dir='ltr'>t&#39;ritorio</span> <span class='ocrx_word' id='word_1_69' title='bbox 891 1334 932 1399; x_wconf 87' lang='lat' dir='ltr'>de</span> <span class='ocrx_word' id='word_1_70' title='bbox 954 1334 1216 1412; x_wconf 74' lang='lat' dir='ltr'>suemus-scil,</span> 
     </span>
     <span class='ocr_line' id='line_1_9' title="bbox 77 1430 1216 1519; baseline 0.004 -25"><span class='ocrx_word' id='word_1_71' title='bbox 77 1430 152 1494; x_wconf 78' lang='lat' dir='ltr'>illes</span> <span class='ocrx_word' id='word_1_72' title='bbox 167 1451 240 1515; x_wconf 84' lang='lat' dir='ltr'>quae</span> <span class='ocrx_word' id='word_1_73' title='bbox 260 1433 371 1517; x_wconf 77' lang='lat' dir='ltr'>jacent</span> <span class='ocrx_word' id='word_1_74' title='bbox 389 1435 633 1519; x_wconf 84' lang='lat' dir='ltr'>propinquiores</span> <span class='ocrx_word' id='word_1_75' title='bbox 655 1434 722 1499; x_wconf 84' lang='lat' dir='ltr'>t&#39;rae</span> <span class='ocrx_word' id='word_1_76' title='bbox 743 1433 883 1498; x_wconf 84' lang='lat' dir='ltr'>Abbatis</span> <span class='ocrx_word' id='word_1_77' title='bbox 905 1434 945 1498; x_wconf 92' lang='lat' dir='ltr'>de</span> <span class='ocrx_word' id='word_1_78' title='bbox 967 1433 1122 1518; x_wconf 90' lang='lat' dir='ltr'>Whiteby</span> <span class='ocrx_word' id='word_1_79' title='bbox 1144 1453 1216 1517; x_wconf 80' lang='lat' dir='ltr'>quse</span> 
     </span>
     <span class='ocr_line' id='line_1_10' title="bbox 79 1529 1216 1617; baseline 0.003 -24"><span class='ocrx_word' id='word_1_80' title='bbox 79 1529 262 1613; x_wconf 81' lang='lat' dir='ltr'>appellatur</span> <span class='ocrx_word' id='word_1_81' title='bbox 276 1532 361 1617; x_wconf 60' lang='lat' dir='ltr'>lug?</span> <span class='ocrx_word' id='word_1_82' title='bbox 371 1534 443 1598; x_wconf 95' lang='lat' dir='ltr'>Deo</span> <span class='ocrx_word' id='word_1_83' title='bbox 458 1540 491 1599; x_wconf 89' lang='lat' dir='ltr'>et</span> <span class='ocrx_word' id='word_1_84' title='bbox 504 1533 590 1599; x_wconf 86' lang='lat' dir='ltr'>Eocl</span> <span class='ocrx_word' id='word_1_85' title='bbox 603 1534 632 1598; x_wconf 87' lang='lat' dir='ltr'>S.</span> <span class='ocrx_word' id='word_1_86' title='bbox 646 1533 735 1597; x_wconf 90' lang='lat' dir='ltr'>Petri</span> <span class='ocrx_word' id='word_1_87' title='bbox 749 1539 783 1598; x_wconf 86' lang='lat' dir='ltr'>et</span> <span class='ocrx_word' id='word_1_88' title='bbox 797 1533 828 1598; x_wconf 87' lang='lat' dir='ltr'>S.</span> <span class='ocrx_word' id='word_1_89' title='bbox 840 1532 949 1596; x_wconf 84' lang='lat' dir='ltr'>Hildae</span> <span class='ocrx_word' id='word_1_90' title='bbox 964 1532 1004 1596; x_wconf 88' lang='lat' dir='ltr'>de</span> <span class='ocrx_word' id='word_1_91' title='bbox 1015 1533 1089 1596; x_wconf 91' lang='lat' dir='ltr'>Wh.</span> <span class='ocrx_word' id='word_1_92' title='bbox 1102 1538 1134 1597; x_wconf 91' lang='lat' dir='ltr'>et</span> <span class='ocrx_word' id='word_1_93' title='bbox 1149 1552 1216 1595; x_wconf 94' lang='lat' dir='ltr'>mo·</span> 
     </span>
    </p>
   </div>
   <div class='ocr_carea' id='block_1_4' title="bbox 79 1628 1340 1716">
    <p class='ocr_par' dir='ltr' id='par_1_4' title="bbox 79 1628 1340 1716">
     <span class='ocr_line' id='line_1_11' title="bbox 79 1628 1340 1716; baseline 0.002 -24"><span class='ocrx_word' id='word_1_94' title='bbox 79 1628 193 1693; x_wconf 82' lang='lat' dir='ltr'>nechis</span> <span class='ocrx_word' id='word_1_95' title='bbox 207 1630 250 1695; x_wconf 90' lang='lat' dir='ltr'>ib.</span> <span class='ocrx_word' id='word_1_96' title='bbox 262 1631 333 1696; x_wconf 87' lang='lat' dir='ltr'>Deo</span> <span class='ocrx_word' id='word_1_97' title='bbox 343 1652 433 1709; x_wconf 80' lang='lat' dir='ltr'>seru,</span> <span class='ocrx_word' id='word_1_98' title='bbox 445 1652 520 1697; x_wconf 92' lang='lat' dir='ltr'>cum</span> <span class='ocrx_word' id='word_1_99' title='bbox 531 1653 615 1698; x_wconf 89' lang='lat' dir='ltr'>omn.</span> <span class='ocrx_word' id='word_1_100' title='bbox 627 1633 825 1697; x_wconf 77' lang='lat' dir='ltr'>aisiamentis</span> <span class='ocrx_word' id='word_1_101' title='bbox 837 1632 941 1697; x_wconf 89' lang='lat' dir='ltr'>eidem</span> <span class='ocrx_word' id='word_1_102' title='bbox 952 1632 1020 1696; x_wconf 83' lang='lat' dir='ltr'>t&#39;rae</span> <span class='ocrx_word' id='word_1_103' title='bbox 1030 1639 1122 1716; x_wconf 86' lang='lat' dir='ltr'>pert,</span> <span class='ocrx_word' id='word_1_104' title='bbox 1132 1631 1217 1695; x_wconf 85' lang='lat' dir='ltr'>infre</span> <span class='ocrx_word' id='word_1_105' title='bbox 1337 1630 1340 1634; x_wconf 82' lang='grc'><strong>’</strong></span> 
     </span>
    </p>
   </div>
   <div class='ocr_carea' id='block_1_5' title="bbox 79 1729 1218 2114">
    <p class='ocr_par' dir='ltr' id='par_1_5' title="bbox 79 1729 1218 2114">
     <span class='ocr_line' id='line_1_12' title="bbox 79 1729 1217 1816; baseline 0.001 -23"><span class='ocrx_word' id='word_1_106' title='bbox 79 1750 109 1793; x_wconf 91' lang='lat' dir='ltr'>v.</span> <span class='ocrx_word' id='word_1_107' title='bbox 120 1729 160 1794; x_wconf 90' lang='lat' dir='ltr'>dc</span> <span class='ocrx_word' id='word_1_108' title='bbox 170 1729 312 1795; x_wconf 83' lang='lat' dir='ltr'>Snetcns</span> <span class='ocrx_word' id='word_1_109' title='bbox 320 1738 353 1797; x_wconf 89' lang='lat' dir='ltr'>et</span> <span class='ocrx_word' id='word_1_110' title='bbox 362 1732 501 1809; x_wconf 65' lang='lat' dir='ltr'>extruiu</span> <span class='ocrx_word' id='word_1_111' title='bbox 509 1733 606 1797; x_wconf 89' lang='lat' dir='ltr'>bosco</span> <span class='ocrx_word' id='word_1_112' title='bbox 615 1738 649 1796; x_wconf 85' lang='lat' dir='ltr'>et</span> <span class='ocrx_word' id='word_1_113' title='bbox 656 1733 692 1795; x_wconf 92' lang='lat' dir='ltr'>in</span> <span class='ocrx_word' id='word_1_114' title='bbox 700 1731 807 1816; x_wconf 86' lang='lat' dir='ltr'>pleno,</span> <span class='ocrx_word' id='word_1_115' title='bbox 816 1732 852 1795; x_wconf 96' lang='lat' dir='ltr'>in</span> <span class='ocrx_word' id='word_1_116' title='bbox 861 1732 931 1809; x_wconf 91' lang='lat' dir='ltr'>viis,</span> <span class='ocrx_word' id='word_1_117' title='bbox 939 1733 1075 1815; x_wconf 86' lang='lat' dir='ltr'>pascuis,</span> <span class='ocrx_word' id='word_1_118' title='bbox 1084 1731 1217 1807; x_wconf 86' lang='lat' dir='ltr'>semitis,</span> 
     </span>
     <span class='ocr_line' id='line_1_13' title="bbox 80 1830 1216 1915; baseline 0 -22"><span class='ocrx_word' id='word_1_119' title='bbox 80 1835 114 1893; x_wconf 85' lang='lat' dir='ltr'>et</span> <span class='ocrx_word' id='word_1_120' title='bbox 127 1830 279 1913; x_wconf 76' lang='lat' dir='ltr'>pasturis,</span> <span class='ocrx_word' id='word_1_121' title='bbox 293 1836 327 1895; x_wconf 86' lang='lat' dir='ltr'>et</span> <span class='ocrx_word' id='word_1_122' title='bbox 341 1831 491 1896; x_wconf 90' lang='lat' dir='ltr'>omnibus</span> <span class='ocrx_word' id='word_1_123' title='bbox 513 1831 587 1896; x_wconf 83' lang='lat' dir='ltr'>eliis</span> <span class='ocrx_word' id='word_1_124' title='bbox 609 1832 730 1896; x_wconf 81' lang='lat' dir='ltr'>cisium.</span> <span class='ocrx_word' id='word_1_125' title='bbox 745 1851 844 1915; x_wconf 81' lang='lat' dir='ltr'>prope</span> <span class='ocrx_word' id='word_1_126' title='bbox 860 1837 893 1895; x_wconf 96' lang='lat' dir='ltr'>et</span> <span class='ocrx_word' id='word_1_127' title='bbox 906 1830 1018 1914; x_wconf 89' lang='lat' dir='ltr'>procul</span> <span class='ocrx_word' id='word_1_128' title='bbox 1033 1837 1067 1894; x_wconf 92' lang='lat' dir='ltr'>et</span> <span class='ocrx_word' id='word_1_129' title='bbox 1087 1831 1216 1912; x_wconf 91' lang='lat' dir='ltr'>ubique.</span> 
     </span>
     <span class='ocr_line' id='line_1_14' title="bbox 80 1927 1218 2015; baseline -0.001 -21"><span class='ocrx_word' id='word_1_130' title='bbox 80 1927 228 1994; x_wconf 80' lang='lat' dir='ltr'>Concedo</span> <span class='ocrx_word' id='word_1_131' title='bbox 250 1930 349 1995; x_wconf 81' lang='lat' dir='ltr'>etism</span> <span class='ocrx_word' id='word_1_132' title='bbox 362 1935 400 1994; x_wconf 88' lang='lat' dir='ltr'>ut</span> <span class='ocrx_word' id='word_1_133' title='bbox 414 1930 510 2015; x_wconf 85' lang='lat' dir='ltr'>praed</span> <span class='ocrx_word' id='word_1_134' title='bbox 526 1952 597 1996; x_wconf 88' lang='lat' dir='ltr'>mes</span> <span class='ocrx_word' id='word_1_135' title='bbox 610 1931 700 1995; x_wconf 90' lang='lat' dir='ltr'>elem.</span> <span class='ocrx_word' id='word_1_136' title='bbox 716 1931 760 1995; x_wconf 91' lang='lat' dir='ltr'>sit</span> <span class='ocrx_word' id='word_1_137' title='bbox 774 1931 853 1995; x_wconf 87' lang='lat' dir='ltr'>edeo</span> <span class='ocrx_word' id='word_1_138' title='bbox 874 1951 956 2014; x_wconf 83' lang='lat' dir='ltr'>pure</span> <span class='ocrx_word' id='word_1_139' title='bbox 970 1936 1004 1994; x_wconf 88' lang='lat' dir='ltr'>et</span> <span class='ocrx_word' id='word_1_140' title='bbox 1017 1929 1118 1994; x_wconf 86' lang='lat' dir='ltr'>libera</span> <span class='ocrx_word' id='word_1_141' title='bbox 1133 1930 1218 1994; x_wconf 88' lang='lat' dir='ltr'>sicut</span> 
     </span>
     <span class='ocr_line' id='line_1_15' title="bbox 80 2027 1217 2114; baseline 0.001 -22"><span class='ocrx_word' id='word_1_142' title='bbox 80 2027 704 2114; x_wconf 83' lang='lat' dir='ltr'>sliquuelemosiusestvelessepotest.</span> <span class='ocrx_word' id='word_1_143' title='bbox 744 2030 788 2093; x_wconf 86' lang='lat' dir='ltr'>Et</span> <span class='ocrx_word' id='word_1_144' title='bbox 799 2038 838 2096; x_wconf 85' lang='lat' dir='ltr'>ut</span> <span class='ocrx_word' id='word_1_145' title='bbox 848 2029 917 2095; x_wconf 87' lang='lat' dir='ltr'>haeo</span> <span class='ocrx_word' id='word_1_146' title='bbox 926 2051 997 2095; x_wconf 82' lang='lat' dir='ltr'>meu</span> <span class='ocrx_word' id='word_1_147' title='bbox 1009 2029 1139 2094; x_wconf 84' lang='lat' dir='ltr'>donatio</span> <span class='ocrx_word' id='word_1_148' title='bbox 1147 2037 1217 2094; x_wconf 83' lang='lat' dir='ltr'>rats</span> 
     </span>
    </p>
   </div>
   <div class='ocr_carea' id='block_1_6' title="bbox 79 2127 1217 2215">
    <p class='ocr_par' dir='ltr' id='par_1_6' title="bbox 79 2127 1217 2215">
     <span class='ocr_line' id='line_1_16' title="bbox 79 2127 1217 2215; baseline 0.002 -25"><span class='ocrx_word' id='word_1_149' title='bbox 79 2127 125 2191; x_wconf 90' lang='lat' dir='ltr'>sit</span> <span class='ocrx_word' id='word_1_150' title='bbox 146 2133 180 2192; x_wconf 86' lang='lat' dir='ltr'>et</span> <span class='ocrx_word' id='word_1_151' title='bbox 201 2127 328 2193; x_wconf 80' lang='lat' dir='ltr'>stabilis</span> <span class='ocrx_word' id='word_1_152' title='bbox 350 2150 396 2213; x_wconf 90' lang='lat' dir='ltr'>pr.</span> <span class='ocrx_word' id='word_1_153' title='bbox 421 2149 481 2195; x_wconf 90' lang='lat' dir='ltr'>scr.</span> <span class='ocrx_word' id='word_1_154' title='bbox 501 2129 559 2214; x_wconf 85' lang='lat' dir='ltr'>sig.</span> <span class='ocrx_word' id='word_1_155' title='bbox 583 2130 647 2194; x_wconf 94' lang='lat' dir='ltr'>mei</span> <span class='ocrx_word' id='word_1_156' title='bbox 667 2129 869 2215; x_wconf 84' lang='lat' dir='ltr'>oppositione</span> <span class='ocrx_word' id='word_1_157' title='bbox 890 2128 1096 2194; x_wconf 85' lang='lat' dir='ltr'>corroboravi</span> <span class='ocrx_word' id='word_1_158' title='bbox 1142 2129 1217 2193; x_wconf 90' lang='lat' dir='ltr'>Hiis</span> 
     </span>
    </p>
   </div>
   <div class='ocr_carea' id='block_1_7' title="bbox 79 2226 999 2382">
    <p class='ocr_par' dir='ltr' id='par_1_7' title="bbox 79 2226 999 2382">
     <span class='ocr_line' id='line_1_17' title="bbox 79 2226 999 2382; baseline 0.002 -3"><span class='ocrx_word' id='word_1_159' title='bbox 79 2226 226 2292; x_wconf 45' lang='lat' dir='ltr'>mmm&amp;</span> <span class='ocrx_word' id='word_1_160' title='bbox 299 2314 536 2382; x_wconf 76' lang='lat' dir='ltr'>coccium.</span> <span class='ocrx_word' id='word_1_161' title='bbox 559 2315 723 2381; x_wconf 64' lang='lat' dir='ltr'>sunnon.</span> <span class='ocrx_word' id='word_1_162' title='bbox 768 2316 822 2379; x_wconf 74' lang='lat' dir='ltr'>m:</span> <span class='ocrx_word' id='word_1_163' title='bbox 839 2316 999 2381; x_wconf 65' lang='lat' dir='ltr'>onium</span> 
     </span>
    </p>
   </div>
   <div class='ocr_carea' id='block_1_8' title="bbox 80 2439 1220 3721">
    <p class='ocr_par' dir='ltr' id='par_1_8' title="bbox 80 2439 1220 3721">
     <span class='ocr_line' id='line_1_18' title="bbox 125 2439 1218 2526; baseline 0.002 -22"><span class='ocrx_word' id='word_1_164' title='bbox 125 2440 197 2525; x_wconf 83' lang='lat'><strong>(58)</strong></span> <span class='ocrx_word' id='word_1_165' title='bbox 220 2439 333 2506; x_wconf 79' lang='lat' dir='ltr'>Sciant</span> <span class='ocrx_word' id='word_1_166' title='bbox 354 2462 465 2506; x_wconf 87' lang='lat' dir='ltr'>omnes</span> <span class='ocrx_word' id='word_1_167' title='bbox 487 2442 635 2507; x_wconf 88' lang='lat' dir='ltr'>videntes</span> <span class='ocrx_word' id='word_1_168' title='bbox 650 2448 683 2506; x_wconf 88' lang='lat' dir='ltr'>et</span> <span class='ocrx_word' id='word_1_169' title='bbox 698 2442 865 2506; x_wconf 78' lang='lat' dir='ltr'><strong>audientes</strong></span> <span class='ocrx_word' id='word_1_170' title='bbox 887 2439 945 2505; x_wconf 83' lang='lat' dir='ltr'>hes</span> <span class='ocrx_word' id='word_1_171' title='bbox 964 2440 1026 2506; x_wconf 88' lang='lat' dir='ltr'>litt</span> <span class='ocrx_word' id='word_1_172' title='bbox 1042 2441 1129 2525; x_wconf 90' lang='lat' dir='ltr'>quod</span> <span class='ocrx_word' id='word_1_173' title='bbox 1151 2461 1218 2526; x_wconf 87' lang='lat' dir='ltr'>ego,</span> 
     </span>
     <span class='ocr_line' id='line_1_19' title="bbox 82 2538 1216 2625; baseline 0.001 -21"><span class='ocrx_word' id='word_1_174' title='bbox 82 2538 287 2617; x_wconf 78' lang='lat' dir='ltr'><strong>Benedictus,</strong></span> <span class='ocrx_word' id='word_1_175' title='bbox 302 2539 412 2604; x_wconf 85' lang='lat' dir='ltr'>Abbus</span> <span class='ocrx_word' id='word_1_176' title='bbox 436 2540 476 2604; x_wconf 96' lang='lat' dir='ltr'>de</span> <span class='ocrx_word' id='word_1_177' title='bbox 490 2539 657 2625; x_wconf 88' lang='lat' dir='ltr'>Whiteby,</span> <span class='ocrx_word' id='word_1_178' title='bbox 671 2548 762 2604; x_wconf 89' lang='lat' dir='ltr'>motu</span> <span class='ocrx_word' id='word_1_179' title='bbox 784 2539 921 2625; x_wconf 87' lang='lat' dir='ltr'>proprio,</span> <span class='ocrx_word' id='word_1_180' title='bbox 935 2540 1118 2624; x_wconf 75' lang='lat' dir='ltr'>irrequisito</span> <span class='ocrx_word' id='word_1_181' title='bbox 1141 2561 1216 2605; x_wconf 91' lang='lat' dir='ltr'>con·</span> 
     </span>
     <span class='ocr_line' id='line_1_20' title="bbox 81 2637 1218 2723; baseline 0.001 -20"><span class='ocrx_word' id='word_1_182' title='bbox 81 2659 179 2704; x_wconf 89' lang='lat' dir='ltr'>sensu</span> <span class='ocrx_word' id='word_1_183' title='bbox 202 2638 347 2722; x_wconf 80' lang='lat' dir='ltr'>Capituli</span> <span class='ocrx_word' id='word_1_184' title='bbox 369 2637 456 2717; x_wconf 79' lang='lat' dir='ltr'>mei,⁸</span> <span class='ocrx_word' id='word_1_185' title='bbox 478 2639 609 2704; x_wconf 87' lang='lat' dir='ltr'>institui</span> <span class='ocrx_word' id='word_1_186' title='bbox 624 2647 779 2705; x_wconf 86' lang='lat' dir='ltr'>rectorem</span> <span class='ocrx_word' id='word_1_187' title='bbox 800 2639 837 2703; x_wconf 92' lang='lat' dir='ltr'>in</span> <span class='ocrx_word' id='word_1_188' title='bbox 859 2639 991 2723; x_wconf 75' lang='lat' dir='ltr'>(lupello</span> <span class='ocrx_word' id='word_1_189' title='bbox 1012 2639 1052 2704; x_wconf 91' lang='lat' dir='ltr'>de</span> <span class='ocrx_word' id='word_1_190' title='bbox 1076 2640 1218 2704; x_wconf 84' lang='lat' dir='ltr'>Suetonu</span> 
     </span>
     <span class='ocr_line' id='line_1_21' title="bbox 82 2737 1217 2824; baseline 0 -21"><span class='ocrx_word' id='word_1_191' title='bbox 82 2759 168 2803; x_wconf 81' lang='lat' dir='ltr'>anno</span> <span class='ocrx_word' id='word_1_192' title='bbox 192 2759 237 2823; x_wconf 84' lang='lat' dir='ltr'>gr.</span> <span class='ocrx_word' id='word_1_193' title='bbox 260 2737 434 2803; x_wconf 89' lang='lat' dir='ltr'>millesimo</span> <span class='ocrx_word' id='word_1_194' title='bbox 449 2740 626 2804; x_wconf 90' lang='lat' dir='ltr'>centesimo</span> <span class='ocrx_word' id='word_1_195' title='bbox 648 2738 891 2824; x_wconf 84' lang='lat' dir='ltr'>quedmgesimo</span> <span class='ocrx_word' id='word_1_196' title='bbox 914 2745 1036 2816; x_wconf 84' lang='lat' dir='ltr'>octavo,</span> <span class='ocrx_word' id='word_1_197' title='bbox 1056 2738 1120 2803; x_wconf 85' lang='lat' dir='ltr'>ists</span> <span class='ocrx_word' id='word_1_198' title='bbox 1144 2760 1217 2803; x_wconf 90' lang='lat' dir='ltr'>oon-</span> 
     </span>
     <span class='ocr_line' id='line_1_22' title="bbox 82 2837 1218 2923; baseline 0.001 -23"><span class='ocrx_word' id='word_1_199' title='bbox 82 2837 243 2914; x_wconf 86' lang='lat' dir='ltr'>ventione,</span> <span class='ocrx_word' id='word_1_200' title='bbox 266 2843 303 2900; x_wconf 90' lang='lat' dir='ltr'>ut</span> <span class='ocrx_word' id='word_1_201' title='bbox 325 2837 464 2920; x_wconf 83' lang='lat' dir='ltr'>quilibet</span> <span class='ocrx_word' id='word_1_202' title='bbox 485 2838 603 2903; x_wconf 87' lang='lat' dir='ltr'>Rector</span> <span class='ocrx_word' id='word_1_203' title='bbox 628 2837 773 2923; x_wconf 90' lang='lat' dir='ltr'>ejusdem</span> <span class='ocrx_word' id='word_1_204' title='bbox 788 2837 845 2921; x_wconf 89' lang='lat' dir='ltr'>qui</span> <span class='ocrx_word' id='word_1_205' title='bbox 863 2858 921 2922; x_wconf 88' lang='lat' dir='ltr'>pro</span> <span class='ocrx_word' id='word_1_206' title='bbox 944 2845 1040 2922; x_wconf 87' lang='lat' dir='ltr'>temp.</span> <span class='ocrx_word' id='word_1_207' title='bbox 1064 2838 1218 2903; x_wconf 86' lang='lat' dir='ltr'>fueritin</span> 
     </span>
     <span class='ocr_line' id='line_1_23' title="bbox 82 2935 1218 3022; baseline 0.002 -22"><span class='ocrx_word' id='word_1_208' title='bbox 82 2942 248 3020; x_wconf 86' lang='lat' dir='ltr'>posterum</span> <span class='ocrx_word' id='word_1_209' title='bbox 269 2935 382 3001; x_wconf 80' lang='lat' dir='ltr'><strong>reddet</strong></span> <span class='ocrx_word' id='word_1_210' title='bbox 403 2937 556 3002; x_wconf 85' lang='lat' dir='ltr'>Ecclesise</span> <span class='ocrx_word' id='word_1_211' title='bbox 572 2937 603 3004; x_wconf 88' lang='lat' dir='ltr'>S.</span> <span class='ocrx_word' id='word_1_212' title='bbox 626 2938 715 3002; x_wconf 87' lang='lat' dir='ltr'>Petri</span> <span class='ocrx_word' id='word_1_213' title='bbox 737 2937 778 3002; x_wconf 89' lang='lat' dir='ltr'>de</span> <span class='ocrx_word' id='word_1_214' title='bbox 795 2937 952 3022; x_wconf 84' lang='lat' dir='ltr'>Whiteby</span> <span class='ocrx_word' id='word_1_215' title='bbox 967 2937 1077 3002; x_wconf 91' lang='lat' dir='ltr'>decem</span> <span class='ocrx_word' id='word_1_216' title='bbox 1099 2937 1218 3002; x_wconf 90' lang='lat' dir='ltr'>solidos</span> 
     </span>
     <span class='ocr_line' id='line_1_24' title="bbox 80 3037 1218 3122; baseline -0.002 -20"><span class='ocrx_word' id='word_1_217' title='bbox 80 3037 371 3115; x_wconf 81' lang='lat' dir='ltr'>annuatim-scil,</span> <span class='ocrx_word' id='word_1_218' title='bbox 392 3037 537 3122; x_wconf 90' lang='lat' dir='ltr'>quinque</span> <span class='ocrx_word' id='word_1_219' title='bbox 560 3038 616 3103; x_wconf 94' lang='lat' dir='ltr'>sol.</span> <span class='ocrx_word' id='word_1_220' title='bbox 633 3038 674 3102; x_wconf 85' lang='lat' dir='ltr'>sd</span> <span class='ocrx_word' id='word_1_221' title='bbox 696 3038 718 3102; x_wconf 85' lang='lat' dir='ltr'>f.</span> <span class='ocrx_word' id='word_1_222' title='bbox 735 3037 765 3101; x_wconf 88' lang='lat' dir='ltr'>S.</span> <span class='ocrx_word' id='word_1_223' title='bbox 783 3037 929 3115; x_wconf 85' lang='lat' dir='ltr'>Martini,</span> <span class='ocrx_word' id='word_1_224' title='bbox 947 3044 981 3102; x_wconf 88' lang='lat' dir='ltr'>et</span> <span class='ocrx_word' id='word_1_225' title='bbox 995 3038 1139 3122; x_wconf 90' lang='lat' dir='ltr'>quinque</span> <span class='ocrx_word' id='word_1_226' title='bbox 1161 3037 1218 3102; x_wconf 90' lang='lat' dir='ltr'>sol.</span> 
     </span>
     <span class='ocr_line' id='line_1_25' title="bbox 83 3137 1219 3222; baseline -0.001 -20"><span class='ocrx_word' id='word_1_227' title='bbox 83 3137 125 3202; x_wconf 84' lang='lat' dir='ltr'>od</span> <span class='ocrx_word' id='word_1_228' title='bbox 146 3138 367 3202; x_wconf 78' lang='lat' dir='ltr'>Pentecosten.</span> <span class='ocrx_word' id='word_1_229' title='bbox 427 3138 568 3222; x_wconf 79' lang='lat' dir='ltr'>Corpora</span> <span class='ocrx_word' id='word_1_230' title='bbox 594 3159 669 3204; x_wconf 88' lang='lat' dir='ltr'>vero</span> <span class='ocrx_word' id='word_1_231' title='bbox 695 3138 920 3203; x_wconf 84' lang='lat' dir='ltr'>defunctorum</span> <span class='ocrx_word' id='word_1_232' title='bbox 944 3138 1048 3203; x_wconf 88' lang='lat' dir='ltr'>eidem</span> <span class='ocrx_word' id='word_1_233' title='bbox 1078 3137 1219 3222; x_wconf 71' lang='lat' dir='ltr'>Capellae</span> 
     </span>
     <span class='ocr_line' id='line_1_26' title="bbox 83 3237 1218 3322; baseline 0.002 -22"><span class='ocrx_word' id='word_1_234' title='bbox 83 3237 315 3322; x_wconf 87' lang='lat' dir='ltr'>pertinentium</span> <span class='ocrx_word' id='word_1_235' title='bbox 339 3237 375 3301; x_wconf 93' lang='lat' dir='ltr'>in</span> <span class='ocrx_word' id='word_1_236' title='bbox 396 3238 562 3303; x_wconf 76' lang='lat' dir='ltr'>(limiterio</span> <span class='ocrx_word' id='word_1_237' title='bbox 587 3239 622 3304; x_wconf 93' lang='lat' dir='ltr'>B.</span> <span class='ocrx_word' id='word_1_238' title='bbox 638 3239 752 3302; x_wconf 81' lang='lat' dir='ltr'>Murice</span> <span class='ocrx_word' id='word_1_239' title='bbox 773 3238 813 3302; x_wconf 91' lang='lat' dir='ltr'>de</span> <span class='ocrx_word' id='word_1_240' title='bbox 835 3238 992 3322; x_wconf 87' lang='lat' dir='ltr'>Whiteby</span> <span class='ocrx_word' id='word_1_241' title='bbox 1013 3238 1218 3322; x_wconf 76' lang='lat' dir='ltr'>sepelientur.</span> 
     </span>
     <span class='ocr_line' id='line_1_27' title="bbox 83 3336 1220 3422; baseline 0 -21"><span class='ocrx_word' id='word_1_242' title='bbox 83 3336 204 3402; x_wconf 86' lang='lat' dir='ltr'>Nullus</span> <span class='ocrx_word' id='word_1_243' title='bbox 226 3358 302 3402; x_wconf 82' lang='lat' dir='ltr'>vero</span> <span class='ocrx_word' id='word_1_244' title='bbox 324 3336 367 3400; x_wconf 83' lang='lat' dir='ltr'>sd</span> <span class='ocrx_word' id='word_1_245' title='bbox 388 3338 593 3403; x_wconf 69' lang='lat' dir='ltr'>cimiterium</span> <span class='ocrx_word' id='word_1_246' title='bbox 608 3339 644 3403; x_wconf 87' lang='lat' dir='ltr'>B.</span> <span class='ocrx_word' id='word_1_247' title='bbox 661 3338 750 3402; x_wconf 85' lang='lat' dir='ltr'>Petri</span> <span class='ocrx_word' id='word_1_248' title='bbox 772 3337 942 3415; x_wconf 85' lang='lat' dir='ltr'>deferetur,</span> <span class='ocrx_word' id='word_1_249' title='bbox 964 3359 1024 3403; x_wconf 88' lang='lat' dir='ltr'>nec</span> <span class='ocrx_word' id='word_1_250' title='bbox 1046 3339 1220 3422; x_wconf 82' lang='lat' dir='ltr'>quicquum</span> 
     </span>
     <span class='ocr_line' id='line_1_28' title="bbox 83 3436 1220 3520; baseline 0 -20"><span class='ocrx_word' id='word_1_251' title='bbox 83 3436 163 3502; x_wconf 91' lang='lat' dir='ltr'>illuc</span> <span class='ocrx_word' id='word_1_252' title='bbox 189 3437 317 3502; x_wconf 88' lang='lat' dir='ltr'>ducent.</span> <span class='ocrx_word' id='word_1_253' title='bbox 361 3438 523 3502; x_wconf 88' lang='lat' dir='ltr'>Dominus</span> <span class='ocrx_word' id='word_1_254' title='bbox 546 3458 621 3501; x_wconf 88' lang='lat' dir='ltr'>vero</span> <span class='ocrx_word' id='word_1_255' title='bbox 642 3436 738 3514; x_wconf 87' lang='lat' dir='ltr'>villae,</span> <span class='ocrx_word' id='word_1_256' title='bbox 757 3443 791 3502; x_wconf 91' lang='lat' dir='ltr'>et</span> <span class='ocrx_word' id='word_1_257' title='bbox 814 3437 965 3515; x_wconf 83' lang='lat' dir='ltr'>Clericus,</span> <span class='ocrx_word' id='word_1_258' title='bbox 984 3439 1104 3520; x_wconf 85' lang='lat' dir='ltr'>absque</span> <span class='ocrx_word' id='word_1_259' title='bbox 1130 3437 1220 3502; x_wconf 93' lang='lat' dir='ltr'>omni</span> 
     </span>
     <span class='ocr_line' id='line_1_29' title="bbox 84 3535 1220 3621; baseline 0.001 -22"><span class='ocrx_word' id='word_1_260' title='bbox 84 3535 217 3602; x_wconf 86' lang='lat' dir='ltr'>licentia</span> <span class='ocrx_word' id='word_1_261' title='bbox 253 3539 401 3602; x_wconf 88' lang='lat' dir='ltr'>Personae</span> <span class='ocrx_word' id='word_1_262' title='bbox 428 3536 568 3621; x_wconf 76' lang='lat' dir='ltr'>(lapellae</span> <span class='ocrx_word' id='word_1_263' title='bbox 593 3537 759 3601; x_wconf 72' lang='lat' dir='ltr'>attribute</span> <span class='ocrx_word' id='word_1_264' title='bbox 785 3537 821 3599; x_wconf 93' lang='lat' dir='ltr'>in</span> <span class='ocrx_word' id='word_1_265' title='bbox 848 3536 1014 3602; x_wconf 84' lang='lat' dir='ltr'>Oimiterio</span> <span class='ocrx_word' id='word_1_266' title='bbox 1041 3536 1100 3621; x_wconf 89' lang='lat' dir='ltr'>[S.]</span> <span class='ocrx_word' id='word_1_267' title='bbox 1131 3537 1220 3602; x_wconf 86' lang='lat' dir='ltr'>Petri</span> 
     </span>
     <span class='ocr_line' id='line_1_30' title="bbox 85 3636 1024 3721; baseline -0.002 -20"><span class='ocrx_word' id='word_1_268' title='bbox 85 3636 264 3720; x_wconf 86' lang='lat' dir='ltr'>sepelietur,</span> <span class='ocrx_word' id='word_1_269' title='bbox 281 3637 358 3702; x_wconf 87' lang='lat' dir='ltr'>siin</span> <span class='ocrx_word' id='word_1_270' title='bbox 374 3638 442 3701; x_wconf 84' lang='lat' dir='ltr'>vita</span> <span class='ocrx_word' id='word_1_271' title='bbox 456 3658 515 3702; x_wconf 85' lang='lat' dir='ltr'>suc</span> <span class='ocrx_word' id='word_1_272' title='bbox 530 3637 660 3721; x_wconf 81' lang='lat' dir='ltr'>elegerit</span> <span class='ocrx_word' id='word_1_273' title='bbox 676 3637 748 3720; x_wconf 81' lang='lat' dir='ltr'>[etc.,</span> <span class='ocrx_word' id='word_1_274' title='bbox 763 3657 798 3699; x_wconf 79' lang='lat' dir='ltr'>as</span> <span class='ocrx_word' id='word_1_275' title='bbox 811 3637 849 3700; x_wconf 78' lang='lat' dir='ltr'>ic</span> <span class='ocrx_word' id='word_1_276' title='bbox 863 3637 921 3701; x_wconf 89' lang='lat' dir='ltr'>No.</span> <span class='ocrx_word' id='word_1_277' title='bbox 941 3636 1024 3720; x_wconf 68' lang='lat'>180}</span> 
     </span>
    </p>
   </div>
   <div class='ocr_carea' id='block_1_9' title="bbox 556 3809 752 3876">
    <p class='ocr_par' dir='ltr' id='par_1_9' title="bbox 556 3809 752 3876">
     <span class='ocr_line' id='line_1_31' title="bbox 556 3809 752 3876; baseline -0.015 0"><span class='ocrx_word' id='word_1_278' title='bbox 556 3809 752 3876; x_wconf 68' lang='lat' dir='ltr'>dcccclx</span> 
     </span>
    </p>
   </div>
   <div class='ocr_carea' id='block_1_10' title="bbox 84 3921 1219 4107">
    <p class='ocr_par' dir='ltr' id='par_1_10' title="bbox 84 3921 1219 4107">
     <span class='ocr_line' id='line_1_32' title="bbox 130 3921 1219 4006; baseline -0.001 -19"><span class='ocrx_word' id='word_1_279' title='bbox 130 3923 288 3988; x_wconf 90' lang='lat' dir='ltr'>Omnibus</span> <span class='ocrx_word' id='word_1_280' title='bbox 311 3922 341 3988; x_wconf 88' lang='lat' dir='ltr'>S.</span> <span class='ocrx_word' id='word_1_281' title='bbox 357 3923 473 3988; x_wconf 81' lang='lat' dir='ltr'>Matris</span> <span class='ocrx_word' id='word_1_282' title='bbox 495 3922 578 3987; x_wconf 85' lang='lat' dir='ltr'>Eool.</span> <span class='ocrx_word' id='word_1_283' title='bbox 603 3921 678 3985; x_wconf 87' lang='lat' dir='ltr'>filiis</span> <span class='ocrx_word' id='word_1_284' title='bbox 701 3922 742 3986; x_wconf 84' lang='lat' dir='ltr'>sd</span> <span class='ocrx_word' id='word_1_285' title='bbox 764 3942 844 4006; x_wconf 87' lang='lat' dir='ltr'>quos</span> <span class='ocrx_word' id='word_1_286' title='bbox 866 3922 926 3987; x_wconf 91' lang='lat' dir='ltr'>hoo</span> <span class='ocrx_word' id='word_1_287' title='bbox 948 3943 1005 3988; x_wconf 89' lang='lat' dir='ltr'>scr.</span> <span class='ocrx_word' id='word_1_288' title='bbox 1028 3923 1219 4006; x_wconf 87' lang='lat' dir='ltr'>pervenerit,</span> 
     </span>
     <span class='ocr_line' id='line_1_33' title="bbox 84 4021 1218 4107; baseline -0.004 -18"><span class='ocrx_word' id='word_1_289' title='bbox 84 4022 273 4100; x_wconf 81' lang='lat' dir='ltr'>dohanncs,⁴</span> <span class='ocrx_word' id='word_1_290' title='bbox 295 4023 358 4087; x_wconf 92' lang='lat' dir='ltr'>Dei</span> <span class='ocrx_word' id='word_1_291' title='bbox 382 4043 426 4107; x_wconf 83' lang='lat' dir='ltr'>gr.</span> <span class='ocrx_word' id='word_1_292' title='bbox 449 4022 559 4086; x_wconf 84' lang='lat' dir='ltr'>Abbcs</span> <span class='ocrx_word' id='word_1_293' title='bbox 580 4022 666 4086; x_wconf 88' lang='lat' dir='ltr'>Eccl.</span> <span class='ocrx_word' id='word_1_294' title='bbox 690 4021 729 4088; x_wconf 89' lang='lat' dir='ltr'>dc</span> <span class='ocrx_word' id='word_1_295' title='bbox 751 4022 907 4107; x_wconf 90' lang='lat' dir='ltr'>Whiteby</span> <span class='ocrx_word' id='word_1_296' title='bbox 930 4029 963 4088; x_wconf 91' lang='lat' dir='ltr'>et</span> <span class='ocrx_word' id='word_1_297' title='bbox 984 4023 1128 4107; x_wconf 86' lang='lat' dir='ltr'>ejusdem</span> <span class='ocrx_word' id='word_1_298' title='bbox 1154 4021 1218 4087; x_wconf 93' lang='lat' dir='ltr'>loci</span> 
     </span>
    </p>
   </div>
   <div class='ocr_carea' id='block_1_11' title="bbox 119 4146 1212 4381">
    <p class='ocr_par' dir='ltr' id='par_1_11' title="bbox 119 4146 1212 4381">
     <span class='ocr_line' id='line_1_34' title="bbox 121 4146 132 4181; baseline 0 0"><span class='ocrx_word' id='word_1_299' title='bbox 121 4146 132 4181; x_wconf 86' lang='grc' dir='ltr'><strong>ι</strong></span> 
     </span>
     <span class='ocr_line' id='line_1_35' title="bbox 119 4149 1145 4300; baseline 0.001 -17"><span class='ocrx_word' id='word_1_300' title='bbox 119 4230 131 4266; x_wconf 87' lang='lat'><strong>¹</strong></span> <span class='ocrx_word' id='word_1_301' title='bbox 148 4149 363 4298; x_wconf 51' lang='lat' dir='ltr'>{olodelitiodtill</span> <span class='ocrx_word' id='word_1_302' title='bbox 375 4231 485 4282; x_wconf 68' lang='lat' dir='ltr'>marked</span> <span class='ocrx_word' id='word_1_303' title='bbox 496 4231 533 4297; x_wconf 90' lang='lat' dir='ltr'>by</span> <span class='ocrx_word' id='word_1_304' title='bbox 544 4231 591 4282; x_wconf 87' lang='lat' dir='ltr'>the</span> <span class='ocrx_word' id='word_1_305' title='bbox 603 4248 680 4283; x_wconf 78' lang='lat' dir='ltr'>neme</span> <span class='ocrx_word' id='word_1_306' title='bbox 692 4233 720 4283; x_wconf 83' lang='lat' dir='ltr'>ci</span> <span class='ocrx_word' id='word_1_307' title='bbox 732 4233 779 4284; x_wconf 87' lang='lat' dir='ltr'>the</span> <span class='ocrx_word' id='word_1_308' title='bbox 791 4233 848 4284; x_wconf 89' lang='lat' dir='ltr'>mill</span> <span class='ocrx_word' id='word_1_309' title='bbox 860 4233 944 4284; x_wconf 81' lang='lat' dir='ltr'>called</span> <span class='ocrx_word' id='word_1_310' title='bbox 958 4237 973 4261; x_wconf 81' lang='lat'>‘¹</span> <span class='ocrx_word' id='word_1_311' title='bbox 983 4233 1051 4300; x_wconf 79' lang='lat' dir='ltr'>Rigg</span> <span class='ocrx_word' id='word_1_312' title='bbox 1062 4232 1145 4285; x_wconf 85' lang='lat' dir='ltr'>Mill.’&#39;</span> 
     </span>
     <span class='ocr_line' id='line_1_36' title="bbox 121 4313 1212 4381; baseline 0.001 -14"><span class='ocrx_word' id='word_1_313' title='bbox 121 4313 133 4349; x_wconf 79' lang='lat'>⁸</span> <span class='ocrx_word' id='word_1_314' title='bbox 150 4315 199 4367; x_wconf 83' lang='lat' dir='ltr'>See</span> <span class='ocrx_word' id='word_1_315' title='bbox 210 4316 259 4367; x_wconf 87' lang='lat' dir='ltr'>Nc.</span> <span class='ocrx_word' id='word_1_316' title='bbox 272 4317 329 4378; x_wconf 81' lang='lat'><strong>180,</strong></span> <span class='ocrx_word' id='word_1_317' title='bbox 341 4315 394 4366; x_wconf 75' lang='lat' dir='ltr'>und</span> <span class='ocrx_word' id='word_1_318' title='bbox 406 4318 469 4366; x_wconf 87' lang='lat' dir='ltr'>note</span> <span class='ocrx_word' id='word_1_319' title='bbox 480 4319 509 4367; x_wconf 92' lang='lat' dir='ltr'>to</span> <span class='ocrx_word' id='word_1_320' title='bbox 521 4316 550 4367; x_wconf 84' lang='lat' dir='ltr'>it.</span> <span class='ocrx_word' id='word_1_321' title='bbox 588 4316 644 4366; x_wconf 86' lang='lat' dir='ltr'>The</span> <span class='ocrx_word' id='word_1_322' title='bbox 653 4316 795 4368; x_wconf 86' lang='lat' dir='ltr'>document</span> <span class='ocrx_word' id='word_1_323' title='bbox 807 4317 830 4368; x_wconf 86' lang='lat' dir='ltr'>is</span> <span class='ocrx_word' id='word_1_324' title='bbox 842 4333 857 4368; x_wconf 78' lang='lat' dir='ltr'>o</span> <span class='ocrx_word' id='word_1_325' title='bbox 870 4333 935 4381; x_wconf 86' lang='lat' dir='ltr'>very</span> <span class='ocrx_word' id='word_1_326' title='bbox 944 4317 1048 4368; x_wconf 87' lang='lat' dir='ltr'>curicus</span> <span class='ocrx_word' id='word_1_327' title='bbox 1060 4333 1116 4378; x_wconf 87' lang='lat' dir='ltr'>one,</span> <span class='ocrx_word' id='word_1_328' title='bbox 1130 4317 1212 4368; x_wconf 84' lang='lat' dir='ltr'>what-</span> 
     </span>
    </p>
   </div>
   <div class='ocr_carea' id='block_1_12' title="bbox 86 4397 1002 4545">
    <p class='ocr_par' dir='ltr' id='par_1_12' title="bbox 86 4397 1002 4545">
     <span class='ocr_line' id='line_1_37' title="bbox 86 4397 621 4465; baseline -0.002 -15"><span class='ocrx_word' id='word_1_329' title='bbox 86 4415 148 4450; x_wconf 82' lang='lat' dir='ltr'>ever</span> <span class='ocrx_word' id='word_1_330' title='bbox 159 4398 328 4464; x_wconf 67' lang='lat' dir='ltr'>explanation</span> <span class='ocrx_word' id='word_1_331' title='bbox 340 4414 403 4463; x_wconf 79' lang='lat' dir='ltr'>may</span> <span class='ocrx_word' id='word_1_332' title='bbox 415 4398 449 4448; x_wconf 85' lang='lat' dir='ltr'>be</span> <span class='ocrx_word' id='word_1_333' title='bbox 460 4397 539 4465; x_wconf 79' lang='lat' dir='ltr'>given</span> <span class='ocrx_word' id='word_1_334' title='bbox 551 4402 580 4449; x_wconf 85' lang='lat' dir='ltr'>to</span> <span class='ocrx_word' id='word_1_335' title='bbox 592 4399 621 4449; x_wconf 83' lang='lat' dir='ltr'>it.</span> 
     </span>
     <span class='ocr_line' id='line_1_38' title="bbox 122 4479 1002 4545; baseline 0.002 -13"><span class='ocrx_word' id='word_1_336' title='bbox 122 4479 133 4514; x_wconf 84' lang='lat'>⁴</span> <span class='ocrx_word' id='word_1_337' title='bbox 150 4482 168 4532; x_wconf 87' lang='lat' dir='ltr'><strong>J</strong></span> <span class='ocrx_word' id='word_1_338' title='bbox 170 4481 286 4532; x_wconf 73' lang='lat' dir='ltr'>ohannes</span> <span class='ocrx_word' id='word_1_339' title='bbox 298 4481 332 4532; x_wconf 82' lang='lat' dir='ltr'>de</span> <span class='ocrx_word' id='word_1_340' title='bbox 344 4481 477 4532; x_wconf 80' lang='lat' dir='ltr'>Eueshsm</span> <span class='ocrx_word' id='word_1_341' title='bbox 490 4483 636 4545; x_wconf 75' lang='lat'>(1214-22).</span> <span class='ocrx_word' id='word_1_342' title='bbox 672 4481 721 4533; x_wconf 86' lang='lat' dir='ltr'>See</span> <span class='ocrx_word' id='word_1_343' title='bbox 734 4486 796 4534; x_wconf 87' lang='lat' dir='ltr'>note</span> <span class='ocrx_word' id='word_1_344' title='bbox 811 4485 822 4533; x_wconf 97' lang='lat' dir='ltr'>l</span> <span class='ocrx_word' id='word_1_345' title='bbox 838 4487 866 4533; x_wconf 91' lang='lat' dir='ltr'>to</span> <span class='ocrx_word' id='word_1_346' title='bbox 878 4482 927 4532; x_wconf 85' lang='lat' dir='ltr'>No.</span> <span class='ocrx_word' id='word_1_347' title='bbox 942 4484 1002 4534; x_wconf 78' lang='lat'>225.</span> 
     </span>
    </p>
   </div>
   <div class='ocr_carea' id='block_1_13' title="bbox 0 0 1468 4980">
    <p class='ocr_par' dir='ltr' id='par_1_13' title="bbox 0 0 1468 4980">
     <span class='ocr_line' id='line_1_39' title="bbox 0 0 1468 4980; baseline 0 0"><span class='ocrx_word' id='word_1_348' title='bbox 0 0 1468 4980; x_wconf 95' lang='lat' dir='ltr'> </span> 
     </span>
    </p>
   </div>
  </div>
 </body>
</html>
