2918 4980
317 537 589 589 CARTULARIUM
605 539 806 590 ABBATHIAE
824 539 872 590 ΒΕ
888 539 1073 590 WHITEBY.
1204 528 1265 584 489

128 699 208 762 dum
223 701 413 783 qualit-atem
429 711 461 766 et
483 712 630 767 naturam
655 704 898 786 praemissorum,
914 705 1048 767 formam
1064 712 1096 767 et
1119 704 1269 766 effectum

128 799 355 880 praedictarum
381 801 560 865 litterarum
575 804 843 886 Apostolicarum,
859 812 891 867 et
913 812 1136 867 contentorum
1157 803 1191 864 in
1214 801 1270 876 eis,

128 898 254 961 faciatis
292 900 400 982 partil
434 902 592 965 dictorum
629 902 774 965 d’norum
810 924 952 966 meorum
989 903 1023 965 in
1056 902 1204 965 omnibns
1238 907 1271 962 91

128 999 265 1082 singulis
277 1001 415 1082 justitiae
427 1003 702 1085 complimentum.
749 1003 829 1066 Haec
845 1003 925 1079 dico,
934 1023 1085 1086 propono,
1095 1007 1128 1065 et
1137 1001 1270 1084 probare

128 1097 272 1173 intendo,
297 1119 334 1162 ac
360 1110 444 1182 peto,
467 1102 665 1184 conjunctim
692 1109 725 1164 et
751 1101 891 1178 divisim,
921 1102 1068 1177 addendi,
1095 1098 1270 1174 minuendi,

128 1195 321 1274 declarandi,
336 1206 369 1261 91
384 1200 472 1262 omni
487 1200 550 1262 alio
560 1200 641 1282 juris
656 1200 809 1263 beneficio
825 1198 931 1283 parti¹
954 1201 1112 1263 dictorum
1124 1199 1269 1262 d'norum

129 1315 283 1372 meorum,
306 1318 363 1380 per
377 1299 485 1362 omnia
508 1320 633 1382 semper
653 1299 750 1375 salvo,
772 1299 876 1363 officio
891 1306 997 1364 vestro
1022 1300 1188 1362 humiliter
1210 1298 1269 1360 im-

129 1394 254 1478 plorato
277 1417 374 1479 super
399 1399 606 1462 omnibus'et
631 1399 767 1483 singulis
790 1399 971 1481 praemissio,
987 1419 1081 1482 super·
1097 1399 1214 1481 quibus
1237 1404 1270 1460 et

130 1503 226 1578 prout
240 1496 418 1560 secundum
441 1518 550 1561 eorum
573 1498 765 1581 qualitatem
787 1499 885 1561 fuerit
907 1498 1151 1581 implorandum.
1198 1497 1270 1573 Quo

129 1593 265 1657 articulo
281 1602 314 1660 et
335 1594 448 1678 parte¹
472 1597 632 1661 dictorum
655 1596 888 1680 Religiosornm
904 1618 961 1681 per
983 1619 1041 1661 nos
1058 1597 1206 1660 admissis
1229 1595 1269 1658 ad

129 1693 350 1776 probationem
379 1697 525 1759 veritatis
563 1718 603 1760 ex
637 1706 728 1780 parte
766 1718 824 1759 sua
855 1704 1075 1780 suggestorum
1109 1695 1270 1779 praedictae

129 1793 346 1858 Sacrosanctae
362 1795 438 1859 Sedi
453 1795 657 1878 Apostolicae,
673 1802 768 1879 prout
783 1797 818 1859 in
833 1797 1017 1859 memoratis
1034 1796 1149 1858 litteris
1165 1795 1270 1877 expri-

131 1899 273 1970 muntur,
288 1894 311 1957 J
313 1893 439 1959 ohanna
463 1895 502 1958 de
519 1895 675 1969 Wicham,
698 1895 801 1978 ipsius
823 1894 897 1957 eccl.
914 1896 1056 1970 Rectore,
1071 1894 1215 1977 legitime
1237 1899 1271 1955 et

129 1992 341 2076 peremptorie
364 1994 461 2057 citato
478 1995 517 2056 ad
540 1994 784 2077 proponendum
807 1994 961 2077 quicquid
983 1994 1173 2057 canonicum
1198 2013 1270 2076 pro-

128 2112 247 2175 ponere
276 2092 384 2169 vellet,
421 2094 449 2157 si
488 2094 573 2177 quod
603 2094 665 2157 sibi
696 2101 901 2176 competeret,
931 2094 966 2156 in
1003 2093 1185 2177 praemissis,
1214 2101 1272 2155 aut

128 2192 289 2274 quomodo
325 2192 406 2257 libet
443 2202 553 2257 contra
586 2215 632 2270 ea,
666 2214 764 2276 qnare
795 2193 915 2255 dictam
951 2193 1024 2256 eccl.
1057 2191 1270 2275 parochialem

32 2326 35 2332 ·
130 2292 224 2373 (150)
248 2292 288 2356 de
312 2292 442 2356 Samara
464 2293 636 2356 concedere
658 2292 799 2376 praefatis
831 2291 1000 2376 Religiosis
1027 2292 1061 2354 in
1092 2312 1169 2355 usus
1196 2312 1271 2355 suos

130 2390 275 2473 proprios
290 2392 469 2455 seeundum
484 2394 620 2455 formam
635 2399 668 2455 et
684 2392 833 2455 effectum
849 2391 1010 2455 dictarum
1028 2391 1220 2467 litterarum,
1235 2412 1272 2454 aa

131 2488 240 2552 omnia
254 2489 318 2553 alia
333 2491 368 2553 in
383 2490 503 2554 eisdem
519 2498 679 2566 contenta,
696 2493 798 2554 facere
814 2497 845 2553 91
861 2491 977 2574 exequi
994 2491 1126 2554 minime
1142 2490 1271 2554 debere-

131 2609 213 2665 mus,
227 2590 431 2673 propositum
446 2611 504 2674 pro
520 2591 658 2654 termino
677 2590 892 2673 peremptorio
907 2596 940 2653 et
954 2590 1085 2673 praeciso
1106 2597 1138 2654 et
1153 2591 1272 2666 futuro,

130 2692 164 2751 et
182 2687 319 2752 ulterius
342 2689 383 2752 ad
404 2710 516 2753 omnes
538 2695 570 2753 et
594 2690 737 2773 singulos
761 2697 850 2753 actus
873 2689 1138 2772 qualitercunque
1161 2691 1272 2753 subse·

130 2795 275 2869 quantes,
300 2796 396 2871 prout
423 2796 455 2852 et
481 2789 635 2872 quatinus
662 2789 702 2852 ad
730 2810 804 2851 eum
831 2789 998 2864 attinebat,
1026 2789 1053 2852 si
1074 2810 1133 2852 sua
1155 2789 1272 2852 viderit

130 2884 304 2950 interesse:
327 2887 385 2970 qui
400 2887 502 2951 nichil
518 2888 709 2962 canonicum
725 2897 836 2951 contra
857 2890 1021 2971 praemissa
1036 2890 1202 2972 proposuit
1216 2889 1271 2953 sed

131 2984 248 3068 saepius
283 2986 318 3048 in
347 3006 500 3070 processu
530 2988 609 3051 dieti
643 2987 763 3071 negotii
797 2988 999 3051 renunciavit
1033 3007 1207 3070 proponere
1237 2987 1272 3049 in

130 3084 312 3167 praemissis,
335 3094 368 3150 91
390 3087 549 3170 quomodo
579 3086 661 3150 libet
683 3095 794 3151 eontra
823 3107 870 3160 ea,
893 3095 926 3149 et
947 3086 1111 3168 productis
1134 3085 1272 3149 testibus

132 3203 187 3267 per
208 3192 334 3268 partem
356 3187 490 3250 eandem
515 3207 620 3250 coram
644 3186 789 3249 discretis
814 3186 902 3260 viris,
925 3185 1089 3266 Magistris
1114 3183 1272 3265 Dyonisio

131 3283 267 3360 Avenel,
284 3284 422 3349 Officiali
439 3285 544 3349 Curiae
560 3292 677 3349 nostrae
687 3285 789 3360 Ebor,
799 3291 832 3347 et
846 3284 869 3347 J
871 3282 996 3345 ohanne
1008 3283 1048 3344 de
1060 3281 1272 3355 Wodehouse,

132 3381 277 3465 ejusdem
304 3383 458 3448 Officialis
484 3383 878 3467 Commissariogenerali,
903 3382 1019 3465 quibus
1042 3381 1076 3442 111
1100 3380 1160 3443 hac
1182 3388 1272 3462 parte

131 3480 218 3547 vices
228 3489 352 3547 nostras
362 3483 581 3547 commisimus
591 3484 650 3547 sub
660 3483 719 3547 hac
729 3483 830 3546 forma
837 3480 1084 3554 2-Wi11e1mus,
1094 3501 1122 3563 p.
1135 3479 1165 3542 d.
1178 3479 1271 3542 Ebor.

132 3579 333 3664 Archiep’us,
355 3581 481 3665 Angliae
508 3582 640 3658 Primas,
667 3581 793 3645 dilectis
816 3580 902 3653 filiis,
926 3578 1091 3661 Magistris
1114 3578 1272 3660 Dyonisio

133 3679 269 3756 Avenel,
284 3679 418 3745 Official.
436 3680 541 3745 Curiae
557 3689 673 3744 nostrae
688 3680 791 3755 Ebor,
802 3687 835 3743 et
849 3678 993 3742 ι1011111111
1010 3676 1049 3740 (19
1062 3675 1274 3751 Wodehouse,

132 3777 278 3860 ejusdem
305 3777 460 3842 Officialis
492 3777 883 3861 commissario-generali,
905 3776 971 3850 sal,
996 3795 1039 3857 gr.
1065 3781 1099 3837 et
1125 3773 1272 3838 benedic·

132 3878 263 3942 tionem
323 3878 375 3943 De
405 3880 521 3944 vestris
554 3879 710 3943 fidelitate
741 3887 773 3941 et
805 3878 965 3941 industria
1000 3876 1196 3939 confidentes
1231 3876 1273 3939 ad

132 3977 339 4054 audiendum,
359 3979 615 4063 cognoscendum
638 3984 670 4041 91
693 3977 939 4060 procedendum,
962 3983 994 4040 et
1016 3974 1209 4039 nominatim
1231 3973 1272 4036 ad

132 4077 353 4160 recipiendum
376 4086 409 4141 et
435 4077 686 4142 examinandum
713 4097 823 4140 omnes
846 4082 879 4140 et
901 4076 1044 4159 singulos
1071 4081 1170 4138 testes
1193 4093 1272 4155 quos

133 4183 168 4240 et
189 4182 268 4259 quot
291 4176 480 4241 Procurator
509 4178 744 4260 Religiosorum
775 4176 924 4250 virorum,
954 4175 1092 4238 Abbatis
1125 4181 1159 4237 91
1189 4173 1273 4237 Con·

133 4283 250 4340 ventus
289 4277 479 4341 Monasterii
518 4277 558 4339 de
593 4276 758 4357 Whitcby,
797 4281 914 4338 nostrae
955 4271 1063 4356 (1501)
1104 4273 1273 4346 dioceseos,

132 4376 349 4461 procuratorio
371 4376 502 4440 nomine
524 4375 708 4450 eorundem,
732 4375 905 4459 producere
927 4372 1066 4436 voluerit
1088 4373 1122 4434 in
1146 4372 1273 4454 negotio

304 4510 314 4546 ¹
333 4512 490 4564 Uncertain.
529 4512 650 4563 Another
661 4510 770 4578 reading
782 4510 868 4578 might
880 4510 913 4560 be
925 4512 1003 4575 preci,
1017 4525 1094 4574 prece
