2918 4980
350 531 622 584 cleantharum
640 531 842 584 usserman
861 531 911 582 nn
928 528 1113 581 wnrrnss.
1237 512 1300 587 637

163 701 290 775 ventus,
305 717 363 779 per
378 698 493 762 fratres
515 697 671 761 Thomam
687 697 727 761 dc
744 697 867 761 Garton
882 702 916 761 et
930 696 1074 760 Alanum
1090 693 1130 758 de
1145 691 1303 775 Malteby,

163 794 307 877 ejusdem
334 795 451 860 Mon’ii
487 796 744 872 commonachos,
768 801 992 878 procuratores
1022 813 1096 858 auos
1126 791 1302 857 literatorie

163 893 368 970 constitutos,
390 915 498 958 coram
520 895 615 959 nobis
637 893 814 971 Willelmo,
836 894 1047 977 permissione
1069 891 1183 954 divina
1207 890 1300 954 Ebot.

162 989 341 1074 Archiep’o‚
358 991 486 1076 Angliae
509 992 661 1073 Primate,
685 993 906 1076 procuratorio
927 991 1058 1055 nomine
1073 994 1303 1073 comparentes,

163 1108 300 1170 quorum
314 1090 608 1173 procuratoriorum
629 1090 877 1155 subscribuntur
899 1098 1035 1167 tenores,
1050 1110 1084 1154 se
1106 1088 1303 1153 ordinationi

165 1194 283 1251 nostrae
304 1209 384 1271 pure
399 1194 432 1253 et
453 1193 569 1272 sponte
592 1188 821 1267 submiserunt,
837 1189 898 1254 sub
920 1188 984 1253 hiis
1006 1188 1119 1253 formis
1130 1187 1223 1250 z-In
1238 1185 1302 1249 Dei

165 1286 295 1350 nomine
317 1288 432 1352 Amen.
477 1289 594 1352 Coram
617 1288 719 1363 vobis,
734 1287 919 1353 Venerabili
942 1288 974 1351 in
1000 1287 1130 1352 Christo
1152 1291 1251 1369 patre,
1270 1290 1303 1348 et

164 1384 239 1449 d'no
261 1393 379 1464 nostro,
397 1386 482 1452 D'no
503 1387 672 1452 Willelmo
694 1387 735 1451 D.
757 1388 795 1452 G.
812 1393 881 1463 ete,
895 1407 964 1463 nos,
979 1387 1093 1450 fratres
1109 1384 1247 1448 Thomas
1261 1383 1302 1447 de

166 1484 289 1549 Garton
304 1491 337 1550 et
350 1486 477 1550 Alanus
492 1486 532 1550 de
547 1486 708 1569 Malteby,
722 1486 871 1550 monachi
888 1486 927 1550 de
942 1485 1065 1550 Mon'io
1080 1484 1120 1549 de
1136 1483 1303 1565 Whiteby,

165 1589 385 1665 procuratores
401 1584 583 1649 Reverendi
597 1585 658 1648 viri
674 1585 784 1648 fratris
800 1585 930 1649 Thomae
945 1585 985 1648 de
1007 1584 1146 1660 Malton,
1160 1583 1300 1647 Abbatis

166 1680 246 1747 dicti
272 1683 389 1747 Mon’ii
411 1684 451 1748 de
473 1683 637 1766 Whiteby,
654 1683 714 1747 sub
737 1688 825 1747 certa
846 1684 957 1760 forma,
979 1689 1076 1766 prout
1097 1683 1131 1744 in
1154 1701 1303 1765 procura·

166 1780 247 1843 torio
264 1781 357 1846 nobis
372 1782 407 1844 in
422 1782 483 1845 hac
498 1789 589 1864 parte
611 1782 697 1845 facto
713 1787 746 1846 et
768 1801 918 1846 concesso
941 1781 1134 1856 continetur,
1149 1779 1304 1863 deputati,

165 1880 378 1961 personaliter
392 1881 573 1958 constituti,
589 1880 629 1943 ad
645 1880 847 1945 debilitatem
862 1881 1004 1964 corporis
1026 1879 1175 1963 praedicti
1196 1878 1304 1941 fratris

167 1978 304 2056 Thomae,
320 1979 467 2056 Abbatis,
481 1979 638 2043 intuitum
656 1979 840 2063 dirigentes,
855 2000 892 2043 ac
903 1979 1083 2044 utilitatem
1094 1978 1173 2043 dicti
1188 1977 1303 2042 Mon’ii

167 2084 354 2155 asserentes,
369 2078 479 2163 ipsum
494 2079 626 2143 fratrem
649 2079 804 2143 Thomam
819 2079 982 2143 Abbatem
1003 2079 1039 2142 in
1062 2084 1184 2143 statum
1198 2097 1304 2152 suum,

167 2176 367 2260 dignitatern,
386 2185 419 2242 et
442 2177 584 2242 officium
600 2178 739 2290 Abbaqis
761 2178 856 2261 praed.
878 2177 1003 2255 Mon'ii,
1017 2198 1054 2242 ac
1075 2183 1182 2242 totum
1200 2177 1256 2260 jus
1271 2184 1305 2240 et

167 2277 400 2359 possessionem
422 2277 510 2361 quod
532 2282 565 2340 et
588 2298 661 2361 quae
683 2277 747 2341 srbi
770 2277 933 2360 competit,
956 2282 1012 2340 aut
1035 2275 1303 2360 qualitercunque

168 2381 255 2439 etex
270 2396 463 2460 quacunque
486 2397 584 2441 causa
606 2377 670 2440 sibi
692 2377 858 2460 competit,
872 2375 993 2460 poterit
1013 2375 1049 2438 in
1072 2374 1185 2450 officio,
1200 2373 1305 2458 digni·

168 2480 234 2539 tate
249 2479 283 2538 et
304 2482 393 2539 statu
414 2475 555 2540 Abbatia
579 2475 659 2539 dicti
682 2475 882 2552 Monasterii,
904 2480 961 2538 aut
976 2473 1242 2558 qualitercunque
1264 2470 1305 2535 ad

168 2595 205 2638 ea
217 2594 274 2637 seu
290 2575 457 2657 quodlibet
469 2574 654 2651 eorundem,
665 2575 817 2638 cumanis
828 2574 1076 2658 quibuscunque
1086 2571 1306 2656 pertinenciis,

169 2672 363 2736 ordinationi
379 2694 435 2738 seu
459 2673 596 2751 decreto,
611 2673 709 2738 laudo
733 2681 766 2739 et
780 2674 877 2750 dicto,
892 2671 1153 2758 pronuntiationi
1175 2676 1209 2735 et
1225 2669 1308 2734 diffi-

169 2772 286 2837 nitioni
309 2775 435 2849 vestris,
451 2774 534 2837 D’ne
556 2773 726 2857 Archiep'e
748 2773 910 2857 praedicte‚
925 2772 1158 2847 submittimus,
1173 2770 1306 2854 promit-

169 2877 283 2948 tentes,
308 2872 417 2954 palam
444 2879 477 2936 et
506 2893 664 2957 expresse,
691 2873 935 2947 ordinationem,
961 2871 1136 2947 decretum,
1162 2869 1306 2945 laudum,

170 2972 302 3049 dictum,
317 2972 617 3056 pronuntiationem
645 2979 678 3035 et
704 2971 931 3035 diffinitionem
957 2976 1065 3035 vestra
1094 2970 1130 3034 in
1154 2974 1307 3034 eventurn

169 3071 253 3134 velle
283 3071 471 3154 emologare,
498 3071 684 3154 approbare,
709 3076 742 3132 et
763 3069 886 3134 eisdem
912 3070 1094 3133 consentire
1116 3069 1246 3152 penitus
1272 3069 1306 3130 in

170 3170 327 3243 futurum,
349 3189 386 3231 ac
413 3174 528 3244 ratum,
551 3174 689 3250 gratum,
719 3174 752 3231 et
782 3167 911 3230 firmum
941 3167 1066 3244 habere,
1092 3166 1242 3250 perficere
1276 3173 1309 3228 ct

171 3266 356 3349 adimplere,
372 3266 589 3348 procuratorio
612 3266 752 3342 nomine,
767 3264 922 3349 quicquid
937 3284 1004 3341 vos,
1018 3266 1116 3328 Pater
1135 3264 1308 3328 reverende

170 3365 333 3450 praedicte,
355 3365 390 3427 in
412 3363 588 3448 praemissis
610 3363 767 3427 duxeritis
790 3362 1014 3438 ordinandum,
1034 3361 1234 3425 laudandum
1250 3381 1307 3425 seu

171 3464 414 3549 quomodolibet
429 3462 674 3528 decernendum.
721 3463 761 3525 In
777 3483 802 3526 c.
819 3482 842 3526 r.
858 3468 880 3526 t.
896 3461 1111 3545 praesentibus
1127 3461 1183 3543 sig.
1200 3465 1308 3525 nostra

172 3565 389 3648 apposuimus.
434 3563 558 3626 Datum
570 3561 657 3644 apud
666 3561 774 3645 Thorp
789 3581 887 3645 prope
902 3560 1005 3637 Ebor,
1021 3560 1073 3624 die
1088 3559 1205 3623 Martis
1216 3579 1305 3643 prox.

171 3669 244 3746 post
267 3663 387 3727 festum
414 3660 648 3725 Thanslationis
676 3660 711 3724 B.
734 3661 864 3725 Thomas
887 3659 1052 3742 Martyris,
1072 3659 1111 3723 A.
1135 3658 1175 3721 D.
1199 3666 1308 3723 wccc⁰

171 3763 324 3826 vicesimo
339 3762 489 3826 secundo.

217 3861 310 3937 Item,
332 3860 367 3922 in
389 3860 453 3924 Dei
476 3859 615 3934 nomine,
637 3859 752 3922 Amen.
799 3858 913 3922 Coram
938 3858 1038 3934 vobis,
1060 3855 1248 3921 Venerabili
1272 3857 1308 3919 in

174 3957 301 4022 Christo
324 3966 414 4043 patre
438 3967 470 4022 et
492 3958 575 4034 d’no,
597 3958 681 4022 D'no
699 3956 875 4034 Willelmo,
897 3957 937 4020 D.
954 3957 992 4020 G.
1009 3962 1067 4020 etc.
1112 3955 1310 4032 Nostrates

172 4057 309 4121 Thomas
325 4058 365 4121 de
381 4058 504 4122 Garton
520 4063 552 4122 et
568 4057 693 4121 Alanus
709 4057 749 4120 de
771 4055 930 4140 Malteby,
945 4055 1095 4120 monachi
1117 4054 1310 4119 Monasterii

173 4156 212 4221 de
235 4157 401 4240 Whiteby,
423 4157 649 4221 Procuratores
673 4157 861 4221 Conventus
884 4154 1075 4219 Monasterii
1098 4153 1138 4217 de
1153 4153 1310 4235 Whiteby

171 4255 327 4339 praedicti,
357 4255 487 4320 Ordinis
517 4256 548 4321 S.
580 4255 756 4330 Benedicti,
787 4255 826 4317 ad
864 4254 950 4317 infra
987 4254 1106 4336 scripta
1134 4252 1310 4316 literatorie

172 4353 328 4436 deputati,
358 4355 570 4437 personaliter
607 4354 786 4428 constituti,
823 4353 935 4416 audito
965 4359 999 4417 et
1029 4351 1194 4415 intellecto
1223 4351 1310 4435 quod

172 4452 364 4517 venerabilis
387 4460 419 4517 et
436 4453 617 4536 Religiosus
633 4453 692 4528 vir',
707 4453 805 4516 frater
827 4451 965 4515 Thomas
989 4451 1028 4515 de
1051 4449 1184 4524 Malton,
1201 4449 1310 4513 Abbas
