2918 4980
295 522 571 575 CARTULARIUM
590 524 794 576 ABBATHIAE
812 527 861 577 DE
878 526 1064 578 WHITEBY.
1183 516 1243 575 457

108 690 140 744 et
156 681 240 747 Eccl.
257 705 323 749 suae
338 687 378 750 de
394 688 544 771 Wyteby‚
560 688 693 752 utillud
709 690 795 773 quod
810 690 920 754 Abbas
936 696 969 755 et
980 692 1063 755 Eccl.
1081 711 1140 754 sua
1150 690 1245 775 praed.

108 780 229 845 habent
244 783 284 847 de
299 783 382 849 dono
397 786 491 867 praed.
507 787 530 850 J
532 786 859 851 ohannis-Habcnd
877 795 909 852 et
924 798 986 854 ten.
1004 790 1109 853 eidem
1124 790 1246 854 Abbati

107 886 141 942 et
156 900 238 944 succ.
255 883 322 946 auis
337 884 372 947 in
386 883 440 947 lib.
457 893 490 948 et
505 906 589 969 perp.
607 886 696 950 elem.
710 887 744 949 in
755 889 1089 971 perpetuum—Redd.
1102 889 1178 952 iude
1190 909 1247 971 per

107 1000 230 1043 annum
246 1003 347 1046 unum
370 1003 427 1066 par
442 984 600 1048 calcarum
624 985 762 1050 deauret.
780 993 813 1050 et
828 1007 884 1051 sex
899 988 969 1052 den.
989 1009 1047 1072 per
1068 1009 1190 1051 annum
1205 987 1246 1051 ad

109 1080 241 1159 Pascha,
257 1082 344 1166 apud
359 1084 482 1160 Evcrle‚
497 1105 555 1168 pro
570 1085 658 1148 omni
681 1106 770 1163 seru,
786 1092 874 1150 secta
895 1087 999 1166 curiae,
1015 1087 1246 1152 consuetudine

108 1186 142 1243 et
166 1182 340 1247 exactione.
385 1184 428 1246 Et
450 1185 544 1266 praed.
576 1185 741 1249 Johannes
771 1193 805 1249 et
830 1185 903 1250 haer.
931 1186 982 1250 eui
1006 1207 1088 1263 wan,
1114 1193 1188 1269 atq„
1214 1190 1247 1249 et

108 1277 282 1345 defendent
304 1282 408 1347 eidem
429 1283 510 1346 Abb.
526 1292 559 1347 et
580 1305 662 1348 succ.
679 1284 754 1359 suis,
777 1292 810 1348 et
825 1285 908 1350 Eccl.
926 1307 991 1350 suae
1014 1286 1118 1369 prend,
1141 1292 1245 1349 totum

109 1378 205 1460 praed
229 1400 321 1456 man,
336 1401 410 1445 cum
433 1403 516 1447 omn.
539 1390 618 1466 pert.
642 1385 718 1461 suis,
736 1385 821 1449 sicut
843 1386 1033 1468 praedictum
1056 1391 1113 1462 est,
1136 1391 1247 1449 contre

110 1498 137 1541 o.
161 1477 190 1541 h.
213 1479 459 1564 imperpetuum.
504 1483 548 1545 Et
569 1503 626 1566 pro
649 1482 709 1547 hac
731 1484 955 1567 recognitione,
976 1507 1058 1563 wan,
1081 1491 1154 1568 atq„
1177 1484 1248 1560 dci,

110 1576 175 1641 fine
199 1586 232 1642 et
255 1600 352 1657 conc,
373 1581 460 1644 idem
483 1582 594 1646 Abbas
618 1583 708 1647 dedit
727 1582 822 1666 praed.
846 1583 990 1648 «Iohanni
1012 1585 1248 1668 quinquaginta

71 1757 73 1760 Α
109 1697 233 1741 marcas
244 1680 376 1763 argenti.
1293 1687 1296 1692 ’

156 1802 401 1868 Memorandum
426 1804 465 1869 de
481 1804 553 1869 aliis
577 1806 670 1870 factis
693 1827 765 1889 quae
788 1808 917 1871 suntin
940 1807 1158 1883 Thesaurario,
1173 1827 1246 1871 cum

111 1923 239 1967 necesse
253 1903 359 1981 fuerit,
374 1924 446 1987 quae
460 1926 525 1968 non
541 1905 594 1968 hic
609 1906 798 1970 scribuntur.

500 2194 644 2257 DXVII.
669 2194 853 2259 Buounssr.

155 2344 248 2427 (103)
272 2342 382 2407 Sciant
404 2363 513 2407 omnes
536 2344 599 2408 vid.
615 2344 669 2408 vel
691 2345 761 2408 aud.
778 2343 836 2408 hes
851 2343 923 2421 litt,
939 2344 1024 2427 quod
1045 2364 1112 2426 eg0,
1127 2343 1246 2407 Nicho-

110 2442 203 2520 laus,¹
232 2442 343 2506 Abbas
377 2441 594 2526 [Monasterii]
625 2444 655 2508 S.
688 2443 775 2508 Petri
809 2449 842 2507 et
873 2444 902 2508 S.
933 2443 1061 2526 Hildae,
1085 2443 1247 2507 communi

111 2562 245 2606 assensu
259 2549 292 2606 et
304 2541 437 2606 consilio
448 2543 549 2605 totius
562 2542 665 2625 Cepit.
682 2543 792 2618 nostri,
802 2543 944 2607 concessi
959 2541 1034 2606 huic
1046 2539 1249 2626 T[0rphin0]²

113 2642 160 2705 xii
182 2643 252 2705 bov.
278 2641 344 2705 t’rae
368 2641 403 2704 in
427 2642 599 2725 Brokesey,
623 2663 696 2706 cum
724 2643 786 2706 hiis
813 2663 884 2726 quus
912 2642 953 2705 ad
979 2663 1050 2706 eam
1075 2641 1248 2724 pertinent,

113 2742 148 2804 in
164 2741 256 2805 feodo
271 2741 371 2804 firmae
387 2745 420 2804 et
434 2741 628 2819 haereditate,
643 2763 701 2825 pro
716 2741 826 2805 decem
838 2743 954 2805 annuis
969 2741 1090 2817 solidis,
1106 2741 1248 2823 quinque

113 2839 155 2904 ad
180 2839 270 2904 Pent.
298 2845 330 2904 et
356 2841 499 2924 quinque
525 2841 565 2904 ad
590 2841 827 2924 festivitatem]
852 2841 881 2905 S.
909 2841 1051 2905 Martini.
1098 2839 1190 2917 Quod
1221 2840 1248 2903 si

114 2940 283 3025 contigerit
297 2940 389 3021 nobis
406 2940 480 3004 dere
500 2941 670 3023 pecuniam
687 2941 775 3024 Regi,
790 2940 843 3005 vel
858 2941 956 3004 alicui
970 2941 1063 3016 D’no,
1078 2939 1130 3002 vel
1145 2958 1248 3003 emere

113 3040 215 3117 t’ram,
225 3039 278 3104 vel
286 3040 450 3117 redimere,
467 3040 564 3104 faciet
573 3040 665 3103 nobis
677 3040 835 3103 auxilium
845 3040 1023 3104 secundum
1032 3039 1248 3123 quantitatem

112 3141 180 3203 t'rae
206 3160 302 3223 quam
329 3145 425 3203 tenet.
472 3139 612 3203 Oarucas
642 3138 738 3202 etiam
761 3139 905 3222 ejusdem
934 3139 1069 3202 manerii
1095 3138 1248 3201 debemus

112 3238 229 3303 habere
244 3258 310 3301 una
324 3238 393 3301 vice
408 3258 466 3321 per
480 3258 612 3314 annum,
624 3244 656 3301 et
671 3257 826 3301 messores
836 3239 934 3301 etiam
950 3237 1104 3301 similiter.
1140 3235 1248 3298 Habet

112 3340 210 3403 etiam
225 3337 311 3402 idem
326 3336 536 3420 T[0rphinus]
553 3357 655 3400 unum
672 3337 791 3400 toftum
806 3337 840 3399 in
857 3337 1009 3400 Hakenee
1024 3336 1059 3399 in
1070 3334 1174 3409 t'eudo,
1190 3334 1248 3395 viii

112 3438 228 3513 denar',
242 3457 299 3520 pro
322 3457 385 3519 quo
402 3436 497 3499 debet
519 3435 670 3519 adjuvare
693 3434 834 3500 ecclesiis
857 3436 973 3499 nostris
989 3435 1024 3497 in
1045 3433 1156 3498 eadem
1171 3432 1250 3495 villa

112 3536 291 3602 secundum
321 3535 495 3599 valentiam
525 3535 667 3617 ipsorum
700 3535 910 3598 denariorum.
964 3533 1084 3597 Volete.
1139 3531 1248 3613 Hujus

111 3635 334 3700 conventionis
349 3640 426 3698 sunt
441 3633 783 3716 testes—Radulphus,
798 3630 1015 3697 Aschetinus.⁸

147 3810 156 3844 ¹
177 3809 278 3862 Second
289 3808 382 3860 Abbot
395 3808 423 3859 of
434 3807 558 3873 Whithy,
572 3823 606 3858 no
618 3807 719 3858 certain
732 3805 807 3858 dates
819 3806 847 3856 oi
860 3807 949 3857 whose
962 3807 1094 3858 accession
1112 3805 1165 3856 end
1177 3805 1250 3857 void·

111 3910 177 3946 enos
189 3894 217 3945 oi
228 3893 275 3945 the
287 3893 394 3960 dignity
407 3908 450 3942 are
463 3895 563 3942 extant
603 3891 659 3941 The
678 3890 783 3941 chester
795 3890 817 3941 is
831 3890 936 3941 curicus
953 3890 1007 3941 end
1020 3889 1184 3956 interesting,
1197 3889 1250 3940 end

111 3982 160 4029 not
171 3977 235 4043 only
246 3977 315 4027 from
326 3976 362 4026 its
371 3975 504 4026 earliness.

147 4057 158 4093 ¹
177 4059 303 4127 Supplied
315 4058 454 4124 according
465 4061 494 4108 to
507 4056 555 4108 the
568 4055 720 4123 suggestion
732 4054 849 4106 ufforded
861 4055 930 4105 from
941 4055 988 4106 the
1000 4060 1066 4106 next
1078 4055 1228 4106 document.

147 4141 159 4176 ³
176 4142 233 4193 'l'he
245 4142 356 4192 surmise
374 4157 436 4204 may
448 4140 481 4190 be
499 4138 630 4189 ventured
647 4137 708 4188 that
720 4138 795 4189 these
807 4141 862 4189 two
880 4138 1017 4189 witnesses
1029 4154 1074 4188 are
1092 4137 1248 4203 liudulphus

110 4225 145 4277 de
159 4225 270 4292 Everley
285 4225 337 4275 and
349 4223 511 4274 Aschetinus
523 4222 556 4272 de
568 4221 762 4288 Heulresgarth.
800 4221 892 4273 Abbot
904 4220 1029 4272 Nicholas
1038 4237 1093 4272 was
1101 4221 1158 4272 still
1166 4221 1250 4289 living

111 4310 141 4361 in
162 4311 237 4360 11³2.
275 4308 323 4359 See
340 4307 390 4358 No.
407 4308 467 4368 109,
483 4310 544 4356 note
558 4307 582 4367 8,
596 4321 624 4355 as
642 4304 770 4370 touching
783 4304 911 4355 Aschctin
930 4304 963 4354 de
982 4303 1177 4371 Hankesgerth,
1197 4304 1250 4354 and

110 4392 163 4445 No.
178 4394 239 4453 224,
251 4391 365 4442 whereiu
386 4389 453 4442 Red.
468 4389 501 4439 de
514 4388 627 4453 Everlay
640 4387 662 4438 is
680 4391 861 4454 cotemporary
874 4387 938 4437 with
953 4386 1023 4437 Aien
1040 4402 1088 4438 son
1101 4386 1129 4437 oi
1140 4385 1205 4437 Red.
1217 4387 1250 4437 de

109 4474 276 4543 Perlington,
290 4474 377 4524 whose
389 4472 494 4523 cher-ter
506 4474 603 4522 cannot
615 4471 677 4522 dcte
689 4471 768 4521 much
780 4470 849 4521 later
860 4469 924 4521 than
941 4472 1017 4520 1135.
