2918 4980
160 481 223 539 380
348 491 621 544 eARTULARIUM
640 489 843 541 ABBATHIAE
863 489 911 539 DE
929 487 1116 538 wffl'rsssr.

614 765 851 830 CCCCXXIV.

205 943 239 1024 (3
244 939 292 1022 3¹³)
324 941 403 1005 Haec
433 940 606 1005 indentura
637 940 722 1004 facta
752 940 837 1023 apud
869 938 1024 1021 Whiteby
1053 930 1106 1002 die
1136 937 1298 1001 dominica

161 1041 308 1124 proxima
328 1049 404 1105 ante
419 1041 540 1105 festum
560 1040 770 1105 Ascensionis
791 1039 935 1114 Domini,
950 1040 1045 1102 Anno
1065 1060 1108 1122 gr.
1126 1037 1298 1101 millesimo

162 1140 386 1204 trecentesimo
413 1141 566 1205 vicesimo
593 1141 718 1223 quinto,
741 1141 827 1204 inter
848 1139 949 1222 Relig.
973 1140 1058 1202 viros
1084 1139 1244 1201 Abbatem
1267 1142 1300 1199 et

163 1239 262 1303 (lonv.
284 1239 324 1303 de
347 1240 513 1322 Whiteby,
536 1261 576 1303 ex
595 1248 685 1322 parte
704 1247 826 1314 una‚et
846 1238 1027 1301 Walterum
1046 1238 1085 1300 de
1107 1232 1298 1320 Boyntona¹

162 1337 202 1400 de
224 1337 390 1414 Acklome‚
405 1360 444 1402 ex
461 1339 570 1415 altera,
584 1345 724 1402 testatur
746 1337 831 1420 quod
854 1357 927 1401 curn
944 1337 1029 1400 idem
1045 1336 1208 1400 Walterus
1223 1355 1299 1398 con-

162 1437 258 1500 cessit
281 1457 314 1501 se
341 1437 443 1501 teneri
463 1443 496 1501 et
520 1437 697 1521 obligatum
717 1457 785 1500 esse
810 1457 866 1519 pro
890 1456 923 1499 se
941 1442 974 1499 et
995 1436 1067 1498 haer.
1091 1436 1157 1499 suis
1178 1435 1211 1497 in
1233 1455 1298 1496 nno

162 1556 270 1599 annuo
286 1536 413 1600 redditu
426 1537 569 1620 quinque
582 1536 756 1599 solidorum
769 1536 893 1618 argenti
902 1544 1041 1598 exeunte
1054 1535 1093 1599 de
1102 1533 1297 1617 quibusdam

162 1634 229 1697 t’ris
245 1642 278 1698 et
293 1636 488 1698 tenementis
504 1657 576 1718 quae
586 1643 675 1698 tenet
687 1635 726 1698 de
742 1635 862 1698 eisdem
879 1635 912 1696 in
930 1633 1083 1716 Rouceby
1094 1634 1129 1696 in
1143 1632 1297 1714 Whiteby

162 1732 320 1796 Strande²
343 1734 464 1797 eisdem
479 1734 602 1797 Abbati
621 1740 654 1797 et
675 1733 859 1797 Conventui
881 1739 914 1796 et
928 1752 1062 1796 success.
1079 1732 1146 1795 suis
1167 1731 1299 1813 inperp.‚

162 1832 203 1893 ad
226 1831 400 1894 terminum
421 1833 636 1908 Pentecostes,
659 1832 745 1915 apud
770 1831 924 1914 Whiteby
944 1832 1114 1894 annuatim
1137 1830 1299 1905 solvendo,

161 1929 365 2013 quiquidem
387 1932 531 1996 redditus
547 1932 683 1996 diversis
698 1931 792 1994 annis
809 1931 925 2014 elapsis
941 1952 960 1993 a
974 1937 1058 1994 retro
1074 1930 1218 1994 extiterit
1232 1949 1298 1992 non

161 2030 436 2095 solutus—Iidem
452 2032 563 2095 Abbas
587 2039 620 2095 et
642 2032 740 2094 Conv.
756 2037 919 2113 gratanter
941 2039 974 2093 et
997 2031 1133 2112 benigne
1155 2030 1300 2092 latentur

161 2137 194 2191 et
209 2130 389 2194 concedunt
404 2132 543 2195 eundem
565 2130 746 2193 Walterum
766 2131 832 2193 fore
854 2129 1002 2212 quietum
1018 2135 1051 2192 et
1066 2129 1237 2192 liberatum
1258 2128 1298 2191 de

161 2229 310 2292 omnibus
337 2237 369 2293 et
395 2230 533 2313 singulis
557 2229 722 2311 arreragiis
749 2228 844 2311 praed.
868 2228 1013 2292 redditus
1039 2248 1167 2310 quoquo
1204 2227 1297 2290 modo

161 2327 281 2390 eisdem
296 2328 448 2392 debitisa
474 2336 617 2410 tempore
638 2348 701 2410 quo
724 2329 760 2391 in
781 2328 941 2391 solutione
962 2327 1105 2409 ejusdem
1127 2328 1298 2391 cessaverit

160 2446 262 2509 usque
283 2427 369 2491 diem
394 2429 601 2510 praesentium
632 2428 851 2504 confectionis,
874 2427 969 2490 modo
999 2426 1179 2510 subscripto
1192 2426 1298 2489 :—Ita

160 2526 247 2608 quod
261 2526 347 2589 idem
363 2527 526 2591 Walterus
542 2535 575 2591 et
589 2528 662 2592 haer.
673 2529 724 2591 sui
740 2529 876 2612 singulis
891 2529 986 2591 aunis
1001 2537 1034 2591 et
1049 2528 1187 2590 termino
1201 2526 1297 2610 praed.

160 2625 322 2689 redditum
339 2628 482 2710 quinque
498 2627 672 2691 solidorum
693 2629 780 2711 apud
802 2628 957 2710 Whiteby
973 2627 1141 2691 annuatim
1160 2625 1298 2690 fideliter

160 2731 193 2787 et
223 2725 365 2807 plenarie
394 2726 588 2810 persolvant,
618 2735 651 2790 et
680 2728 800 2791 fatetur
832 2729 902 2791 sine
936 2726 1150 2790 diminutione
1186 2726 1297 2809 aliqua

160 2822 349 2900 soluturum,
365 2826 404 2889 de
427 2846 491 2909 quo
507 2826 639 2908 quidem
661 2826 790 2890 redditu
816 2827 934 2890 eisdem
954 2826 1123 2909 Religiosis
1144 2825 1253 2889 debito
1278 2847 1298 2890 a

159 2928 303 3005 tempore
320 2923 410 3007 [quo]
432 2945 497 2988 non
520 2933 610 2988 extat
631 2927 786 2989 memoria
808 2946 843 2989 se
862 2946 919 3009 pro
942 2946 976 2989 se
997 2932 1029 2989 et
1051 2925 1124 2988 haer.
1141 2926 1213 3007 (34)
1229 2925 1297 2989 suis

160 3023 337 3086 attoruavit
352 3024 473 3087 eisdem
489 3025 754 3108 persolutionem
770 3024 914 3107 quinque
925 3024 1099 3088 solidorum
1111 3024 1297 3087 determino

160 3124 366 3186 Pentecostes
389 3144 474 3187 anno
498 3144 542 3207 gr.
567 3124 760 3207 supradicto.
815 3124 855 3187 In
880 3125 973 3206 cujus
1002 3124 1048 3188 rei
1074 3124 1297 3187 testimonium

197 3283 205 3316 ¹
224 3285 308 3335 There
320 3285 342 3336 is
354 3302 371 3336 a
384 3285 488 3336 Walter
496 3286 529 3336 de
540 3287 696 3353 Bovington,
711 3286 800 3337 whose
812 3303 889 3337 name
903 3303 1014 3353 appears
1032 3303 1060 3336 as
1073 3286 1182 3336 witness
1199 3290 1228 3337 10
1244 3285 1296 3338 No.

160 3371 220 3430 252,
231 3386 247 3418 a
258 3368 364 3419 charter
376 3368 403 3419 01
415 3369 496 3420 about
514 3369 606 3420 Abbot
624 3369 732 3435 Roger’s
750 3371 815 3420 time
836 3375 874 3434 (or
894 3373 1062 3432 rano-1240).
1100 3370 1163 3420 This
1182 3370 1256 3431 deed,
1269 3387 1298 3420 as

160 3452 240 3503 dated
259 3453 287 3502 in
308 3455 384 3514 1³25,
403 3453 553 3503 introduces
571 3469 602 3503 us
620 3456 649 3503 10
667 3453 778 3504 another
796 3453 901 3504 Walter
918 3454 951 3504 de
969 3453 1126 3520 Bovington.
1165 3453 1197 3503 In
1218 3455 1295 3514 1256,

159 3534 309 3585 Willelmus
331 3536 401 3585 filius
420 3536 476 3586 d¹ni
500 3536 642 3601 Ingelrami
663 3537 697 3586 de
719 3536 869 3602 Boviugton
889 3537 982 3587 makes
1004 3554 1038 3587 au
1060 3542 1209 3603 agreement
1230 3536 1309 3587 with>

159 3618 263 3668 Gallrid
288 3618 321 3668 de
346 3619 458 3668 Aresum
489 3620 543 3668 and
567 3619 649 3669 Henr.
676 3619 709 3669 de
741 3620 870 3670 Alverton
903 3620 1025 3682 (Charter
1055 3620 1082 3669 in
1113 3619 1296 3686 Scarborough

160 3701 302 3761 Murcum).
341 3700 374 3750 In
394 3701 505 3751 another
528 3701 633 3751 charter
653 3701 681 3752 01
701 3701 747 3752 the
768 3718 840 3753 sanie
859 3702 946 3761 series,
962 3702 1043 3752 dated
1065 3704 1140 3764 1311,
1164 3702 1236 3752 Will.
1263 3703 1296 3753 de

159 3784 308 3850 Boyngton,
323 3784 418 3834 “filius
436 3785 490 3834 d'ni
509 3784 581 3836 Will.
599 3785 633 3836 de
652 3785 798 3852 Boyngtom
816 3783 935 3848 militis,’'
953 3785 1000 3836 has
1019 3801 1108 3851 power
1125 3786 1153 3836 01
1171 3790 1296 3852 attorney

158 3868 226 3919 from
244 3872 259 3895 ‘⁶
269 3867 382 3917 Hillaria
395 3868 449 3918 filia
461 3868 567 3919 'l'homae
579 3869 612 3920 de
621 3869 638 3919 J
640 3869 752 3934 oneby,’'
764 3869 893 3935 touching
905 3886 921 3919 a
939 3870 1040 3920 certain
1058 3873 1119 3920 rent
1136 3868 1248 3934 payable
1266 3875 1296 3920 to

158 3950 205 4001 the
218 3950 330 4016 prioress
343 3950 370 4000 01
386 3950 450 4000 Nun
464 3951 604 4013 Monkt0n‚
619 3952 665 4002 the
684 3951 741 4003 said
753 3952 871 4003 William
890 3951 968 4017 being
985 3951 1122 4002 described
1140 3969 1169 4002 as
1187 3951 1297 4019 holding

158 4036 212 4084 “in
225 4034 290 4083 villa
301 4037 329 4083 et
340 4033 452 4085 t’ritorio
466 4034 499 4086 de
508 4036 618 4085 Acelum
628 4036 656 4085 in
669 4035 837 4086 (lleveland.'’
875 4036 928 4085 But
940 4036 1015 4086 there
1028 4037 1050 4086 is
1063 4035 1118 4086 also
1136 4052 1170 4086 an
1188 4036 1295 4102 Ingram

158 4115 192 4167 de
204 4118 354 4183 Bovington
366 4117 427 4168 who
439 4119 532 4169 stands
544 4136 573 4169 as
586 4120 694 4170 witness
707 4124 735 4169 to
753 4135 769 4168 a
787 4119 853 4169 deed
872 4118 906 4183 by
921 4120 1024 4169 Arnold
1042 4119 1075 4170 de
1094 4121 1177 4184 Percy
1193 4120 1231 4181 (in
1249 4119 1296 4171 the

158 4195 242 4263 Percy
256 4199 393 4265 Feodary)‚
407 4200 488 4252 dated
501 4205 530 4252 at
549 4201 655 4252 Kildalo
668 4201 696 4250 in
711 4203 786 4260 1305,
803 4201 856 4251 and
875 4200 943 4251 heis
962 4201 1089 4267 probably
1103 4202 1149 4252 the
1167 4202 1257 4252 father
1268 4201 1297 4252 01

155 4279 204 4331 the
221 4281 324 4332 Walter
344 4283 377 4333 de
399 4283 524 4348 Boynton
542 4284 570 4334 01
588 4283 636 4335 the
656 4288 763 4349 present
779 4284 852 4345 deed,
873 4284 926 4334 and
943 4284 1052 4336 brother
1070 4285 1098 4335 of
1116 4284 1163 4336 the
1176 4284 1296 4335 William

154 4366 252 4415 named
263 4382 292 4416 as
304 4383 352 4416 aon
364 4366 392 4417 01
405 4366 522 4418 William
536 4367 569 4418 de
582 4368 706 4433 Boynton
718 4367 747 4417 in
759 4367 820 4418 that
831 4367 884 4418 last
898 4369 999 4419 named.

193 4444 204 4476 ²
222 4448 270 4499 See
281 4449 334 4500 last
346 4449 413 4501 deed
425 4450 479 4501 and
491 4455 575 4501 natea
