2918 4980
309 519 580 572 CARTULARIUM
597 519 799 571 ABBATHIAE
817 519 866 570 DE
884 518 1072 572 WHITEBY.
1195 506 1256 565 ⁷29

122 688 190 757 616.,
202 681 332 746 Thornae
347 684 465 747 Posket
479 683 510 748 h.
522 704 558 759 a,
574 703 648 747 cum
662 683 722 746 vd
738 703 795 766 pro
811 683 946 767 cariagio
962 683 974 746 i
989 688 1155 747 carectatae
1169 680 1257 744 bladi

122 784 155 843 61
177 780 188 843 i
203 782 345 864 precaria
360 783 385 865 (i
395 782 456 863 d.):
479 783 519 846 16
541 781 623 845 xviii
632 801 656 845 s.
671 781 705 844 vi
717 781 746 844 d.
762 782 803 846 de
824 782 911 846 redd.
927 782 946 844 i.
963 787 1080 845 tenem.
1097 787 1131 844 et
1151 779 1164 841 i
1185 779 1256 843 bov.

122 886 156 942 61
170 879 245 944 dim.
262 887 362 957 terrae,
377 902 451 945 cum
464 887 544 965 pert.
559 881 610 956 ib.,
625 885 693 956 616.,
708 880 876 944 Laurencii
898 879 1028 944 Russell
1043 883 1076 942 61
1096 880 1119 944 J
1121 877 1257 942 ohannau

122 979 231 1042 uxoris
253 981 331 1062 ejus,
346 1001 383 1044 66
398 980 588 1063 Margaretae
610 979 720 1043 uxoris
744 979 944 1043 Christcfferi
958 978 1068 1042 fratris
1089 978 1158 1060 ejus
1173 976 1204 1040 iu
1220 996 1257 1051 a,

122 1098 196 1141 cum
218 1079 251 1141 vi
261 1079 290 1143 d.
305 1099 362 1162 pro
385 1079 521 1163 cariagio
536 1079 548 1141 i
563 1084 675 1143 carect
688 1078 776 1142 bladi
791 1083 823 1142 61
838 1079 863 1141 ii
877 1077 1047 1162 precariis:
1078 1077 1119 1140 de
1133 1077 1168 1140 xl
1177 1095 1200 1139 6.
1217 1075 1257 1139 16

121 1177 207 1241 redd
222 1178 235 1239 i
250 1178 351 1242 clausi
372 1186 512 1262 pasturae
535 1198 602 1242 voc.
618 1177 795 1261 Langrigge
817 1178 859 1242 ib.
882 1198 940 1261 per
961 1197 987 1240 a.
1011 1175 1053 1240 ad
1074 1175 1258 1239 ursanum.

123 1276 158 1338 B.
175 1276 287 1340 Mariae
301 1277 443 1360 Virginis
467 1282 499 1341 et
521 1277 552 1341 S.
569 1277 741 1341 Michaelis
763 1277 885 1360 aequal,
901 1275 996 1341 sicin
1018 1280 1082 1339 ten.
1097 1276 1120 1340 J
1122 1273 1259 1337 ohannis

122 1374 254 1439 Kildale
269 1376 349 1458 (vis.
365 1376 423 1439 viii
432 1376 487 1458 1.),
503 1383 536 1440 et
557 1397 640 1440 omn
656 1381 778 1440 tenent.
794 1375 915 1458 (xxxiii
923 1395 947 1438 s.
963 1373 1069 1457 iiiid.)
1085 1372 1259 1456 supradict.

122 1470 151 1534 11
176 1492 220 1535 a:
250 1472 290 1536 de
316 1474 351 1537 xl
360 1494 383 1537 s.
411 1474 451 1538 16
473 1473 560 1537 redd.
587 1474 599 1535 i
626 1473 727 1536 clausi
750 1493 816 1536 voc.
841 1472 1054 1556 chse-parke
1076 1491 1151 1536 cum
1172 1491 1256 1535 omn.

123 1571 189 1633 suis
204 1577 283 1653 pert.
298 1572 340 1636 ib.
356 1593 413 1656 per
428 1593 453 1636 a.
470 1572 549 1635 sclv.
565 1576 598 1636 61
613 1573 709 1636 sicin
731 1577 795 1636 ten.
812 1572 947 1636 Henrici
970 1571 1114 1647 Oclscne,
1128 1570 1260 1634 Thomae

123 1669 146 1732 J
148 1669 324 1752 effreyscne
339 1676 372 1734 61
387 1670 524 1734 aliorum
538 1670 718 1734 tenentium
732 1669 989 1753 supradictorum
1003 1669 1065 1733 hoc
1079 1688 1171 1732 annu

484 1770 618 1833 Summa
633 1790 655 1832 x
670 1769 702 1832 li.
719 1770 788 1833 xvii
798 1789 822 1833 s.
837 1770 889 1833 id.

350 1945 522 2009 anmrus
537 1961 578 2008 nr
592 1961 704 2008 rreum
719 1960 755 2008 m
772 1943 1031 2028 Hnw[s]1marn.

168 2079 218 2143 De
233 2079 290 2141 xxi
300 2100 323 2143 s.
338 2080 435 2144 viiid.
451 2080 490 2144 de
504 2081 590 2146 redd
605 2081 618 2143 i
633 2086 749 2145 tenem.
768 2101 842 2144 cum
856 2087 936 2163 pert.
952 2079 994 2142 ib.
1010 2100 1068 2163 per
1082 2100 1109 2143 a
1126 2080 1203 2143 solv.
1219 2079 1261 2144 ad

125 2183 213 2241 term.
241 2177 271 2241 S.
298 2178 434 2242 Martini
459 2180 494 2242 in
519 2179 550 2244 h.
577 2187 611 2244 61
636 2181 726 2244 Pent
753 2179 877 2263 aquai,
902 2179 949 2243 sic
974 2178 1096 2243 dimiss.
1121 2178 1262 2243 Beatrici

125 2276 259 2339 Pcskett
287 2277 403 2354 viduae,
432 2298 535 2361 nuper
564 2278 657 2342 uxori
682 2277 770 2341 Will.
799 2277 918 2342 Posket
947 2277 1101 2354 defuncti,
1126 2277 1263 2340 durante

124 2374 282 2438 viduitate
304 2395 380 2438 sua:
403 2375 442 2439 de
463 2377 521 2439 viii
530 2397 556 2440 s.
581 2376 615 2439 ix
626 2376 655 2441 d.
680 2376 720 2440 de
740 2375 857 2439 reddi
879 2380 995 2440 tenem.
1013 2381 1046 2439 et
1060 2375 1084 2438 ii
1098 2375 1169 2439 bor.
1185 2374 1262 2451 116,

125 2473 251 2555 parceli
279 2474 319 2538 de
344 2474 376 2538 le
401 2475 622 2559 Hallegarthe,
644 2495 719 2539 cum
741 2479 830 2558 pert,
852 2474 893 2538 ib.
916 2494 974 2557 per
1000 2494 1028 2538 a.
1053 2474 1131 2538 sclv.
1156 2476 1189 2537 61
1214 2472 1261 2536 616

126 2571 247 2637 dimiss.
276 2573 350 2637 Jch.
380 2575 575 2657 Robynscne
607 2595 664 2658 per
693 2574 818 2658 copiam
849 2573 956 2651 curiae,
988 2579 1027 2636 ut
1056 2572 1192 2636 dicitur:
1221 2571 1262 2636 de

125 2672 184 2734 viii
192 2692 216 2737 s.
232 2671 267 2734 ix
277 2672 306 2735 d.
322 2673 363 2736 de
378 2673 463 2737 redd
480 2673 492 2735 i
507 2680 623 2738 tenem
640 2679 673 2737 et
688 2674 712 2736 ii
727 2674 797 2736 bov.
813 2674 890 2750 116,
904 2672 1031 2756 pareest
1047 2672 1087 2736 16
1102 2671 1135 2735 16
1150 2670 1262 2735 Η6116-

125 2770 246 2852 garthe,
268 2772 308 2835 ib.
332 2791 436 2855 pera.
461 2772 540 2837 solv.
563 2779 596 2837 et
619 2773 666 2838 sic
688 2772 810 2836 dimiss.
836 2772 968 2835 Thcmae
990 2772 1183 2855 Robynsone
1204 2791 1263 2854 per

126 2888 194 2952 cop.
218 2890 291 2946 cur„
318 2878 356 2933 ut
384 2870 520 2934 dicitur:
550 2871 591 2935 de
613 2871 731 2934 xxxiiii
741 2891 764 2934 6.
788 2872 850 2935 iid.
875 2871 915 2935 de
937 2870 1059 2934 reddi
1089 2875 1206 2934 tenem.
1230 2874 1264 2934 61

127 2967 254 3031 mediet.
285 2967 379 3031 11616
400 2975 540 3051 pasturae
561 2990 628 3033 voc.
651 2969 682 3033 16
704 2969 930 3053 Helle-geuthe
953 2968 1036 3052 (xvii
1044 2989 1068 3032 6.
1095 2968 1184 3051 vid.)
1209 2968 1263 3044 ib.,

127 3065 194 3128 611
217 3067 332 3150 cctagii
355 3068 436 3149 (vis.
459 3067 518 3130 viii
527 3067 572 3149 d.)
597 3088 670 3131 eum
692 3074 771 3150 pert.
795 3067 836 3130 ib.
860 3088 890 3150 p.
913 3088 939 3130 a.
964 3067 1042 3130 solu.
1058 3074 1092 3130 61
1113 3066 1167 3130 616.
1183 3065 1260 3131 dim.

127 3162 228 3227 Henr.
243 3163 373 3227 Russell
387 3170 420 3227 61
435 3165 624 3248 Margaretae
640 3187 691 3228 ux.
709 3167 778 3247 ejus
793 3185 850 3247 per
872 3185 985 3229 comm.
1001 3165 1068 3248 sig„
1081 3165 1168 3228 inter
1182 3164 1263 3228 alia:

128 3260 168 3324 de
184 3261 229 3323 xii
239 3282 265 3326 s.
280 3262 342 3325 iid.
359 3262 399 3326 de
413 3263 498 3326 redd.
514 3264 526 3325 i
542 3269 604 3326 ten.
621 3270 655 3327 et
676 3263 701 3325 ii
723 3264 793 3328 bor.
809 3264 884 3340 116,
901 3283 974 3326 cum
994 3270 1085 3346 pert,
1098 3264 1139 3326 ib.
1155 3284 1213 3347 per
1235 3285 1262 3328 6.

129 3359 207 3423 sclv.
223 3364 256 3423 et
282 3361 328 3423 sic
352 3360 387 3423 in
412 3367 477 3425 ten.
495 3361 571 3426 Gec.
588 3362 740 3445 Knagges
762 3360 793 3426 h.
809 3382 835 3425 6.
852 3382 926 3425 cum
949 3361 1021 3424 xiiii
1029 3362 1059 3426 d.
1081 3381 1139 3444 pro
1161 3362 1260 3425 carii

128 3465 239 3522 carect.
257 3459 345 3522 bladi
359 3460 399 3523 ad
415 3461 534 3523 orrium
556 3461 692 3524 manerii
706 3460 772 3524 d'ni
794 3460 891 3544 Regis
907 3460 947 3524 de
960 3460 1107 3543 Whitby,
1123 3466 1154 3524 et
1169 3480 1227 3543 pro
1241 3482 1264 3524 v

126 3558 277 3641 precariis
300 3558 390 3643 (xd.)
411 3579 479 3622 voc.
505 3559 757 3623 Sicclebocnes:
780 3559 819 3623 16
834 3559 901 3623 xis.
918 3558 978 3623 vd.
994 3559 1034 3623 16
1056 3558 1142 3623 redd.
1164 3559 1176 3621 i
1199 3565 1263 3625 ten.

128 3665 160 3722 61
175 3659 199 3721 ii
213 3660 284 3724 bor.
298 3661 364 3723 1166
379 3679 451 3722 cum
466 3665 546 3742 pert.
559 3659 636 3723 ibid.
647 3679 704 3743 per
715 3680 741 3722 a.
751 3659 828 3723 salv.
845 3666 879 3724 et
893 3659 939 3723 sic
954 3659 1030 3723 dim.
1042 3659 1065 3723 J
1066 3657 1115 3722 ou
1129 3658 1264 3723 Coward

127 3778 184 3839 per
205 3758 411 3822 indenturam
433 3758 473 3822 de
495 3757 645 3835 corrodia,
659 3765 756 3841 prout
777 3758 911 3822 dicitur:
933 3757 973 3822 de
988 3758 1056 3821 ixs.
1071 3757 1134 3822 iid
1150 3758 1190 3822 de
1212 3759 1263 3822 r.i

127 3860 192 3919 ten.
208 3861 240 3919 et
254 3857 267 3919 i
287 3857 358 3921 bov.
374 3857 440 3920 116
455 3878 529 3921 cum
555 3863 633 3940 pert.
648 3857 690 3920 ib.
706 3877 764 3939 per
778 3877 815 3933 a,
830 3861 888 3920 616.
905 3855 1104 3920 Christcfferi
1129 3855 1264 3922 Pcskett

128 3951 159 4017 h.
188 3974 227 4030 6.,
250 3974 323 4017 cum
345 3956 405 4019 xd
426 3977 484 4038 pro
506 3956 647 4039 cariag.i
669 3960 780 4019 carect.
797 3954 885 4019 bladi
907 3961 941 4019 et
961 3955 1012 4019 iiii
1025 3955 1193 4038 precariis:
1223 3957 1263 4022 ds

128 4051 163 4114 vi
172 4071 195 4116 s.
212 4051 273 4115 xd.
289 4052 329 4116 de
345 4074 368 4115 r.
385 4054 398 4116 i
423 4060 487 4119 ten.
511 4062 544 4118 61
566 4055 579 4117 1
601 4055 674 4118 bov.
690 4055 757 4118 116
780 4074 856 4118 cum
878 4060 957 4137 pert
983 4054 1036 4130 ib.,
1050 4060 1118 4131 616,
1134 4054 1264 4119 Thomas

130 4150 304 4214 Ocverdale
327 4151 356 4214 h.
381 4173 408 4215 6.
432 4173 506 4216 cum
529 4152 589 4217 xd.
606 4153 656 4237 [ut
677 4153 807 4236 666661
838 4153 878 4216 16
893 4152 972 4216 viis.
987 4150 1028 4216 de
1049 4173 1072 4215 r.
1089 4151 1101 4214 i
1116 4158 1180 4216 ten.
1196 4159 1229 4217 et
1250 4153 1264 4217 i

129 4248 199 4312 bcv.
215 4248 282 4311 t'rae
297 4270 370 4311 cum
390 4258 469 4332 pert
485 4251 537 4328 ib.,
551 4258 609 4315 etc.
655 4251 755 4315 Henr.
771 4250 973 4333 Thompsone
994 4249 1055 4313 hcc
1070 4270 1095 4312 a
1112 4269 1186 4313 cum
1202 4251 1263 4317 xd

130 4347 329 4431 [61661661
360 4348 400 4411 16
422 4349 488 4412 vis.
512 4349 575 4413 iid.
590 4350 631 4414 de
652 4350 704 4413 ni
726 4357 792 4414 ten.
816 4349 883 4414 611
906 4349 976 4412 bov.
1000 4349 1076 4424 116,
1102 4353 1160 4412 616.
1187 4397 1195 4413 .
1221 4399 1229 4414 .
1256 4399 1262 4413 .

131 4445 262 4510 Salmcn
284 4446 316 4512 h.
335 4467 361 4511 6.
380 4467 455 4512 cum
475 4448 535 4511 xd
552 4447 600 4531 [at
621 4448 752 4531 auprc]:
783 4448 823 4512 de
845 4468 899 4513 vs.
922 4447 995 4510 vid
1018 4446 1058 4512 de
1081 4467 1105 4511 r.
1125 4446 1216 4513 itan.
1231 4461 1265 4514 et
