2918 4980
353 525 624 577 GARTULARIUM
643 518 846 578 ABBATHlAE
866 528 916 578 DE
934 529 1118 580 WHITEBY.
1242 521 1302 578 175

163 683 271 750 adhuc
293 688 491 766 contradicit,
514 690 601 754 unde
622 689 701 753 dicit
723 691 808 773 quod
831 692 1040 757 deterioratos
1064 700 1121 770 est,
1137 702 1170 758 et
1192 695 1303 778 damp-

163 800 245 846 num
263 783 361 849 habet
376 786 418 851 ad
432 787 609 852 valentiam
631 788 741 852 decem
764 788 918 854 librarum
929 815 937 870 ;
959 801 993 856 et
1013 793 1090 857 inde
1105 793 1192 877 quod
1214 791 1304 856 (1116ι

161 889 292 961 sectam,
307 890 366 950 etc.

206 981 250 1045 Et
263 983 435 1067 pradictus
447 986 623 1064 solennes,
634 1008 692 1070 per
706 990 729 1054 J
730 987 890 1053 ohannem
905 990 1050 1073 Wyther,
1064 997 1179 1056 attorn.
1196 1013 1302 1067 suum,

160 1080 253 1144 venit
267 1088 300 1147 et
322 1083 468 1148 defendit
490 1085 558 1149 vim
579 1092 612 1149 et
633 1086 785 1170 injuriam
807 1089 936 1172 quando
956 1094 1015 1154 etc.
1062 1091 1106 1154 Et
1120 1090 1199 1154 dicit
1215 1089 1301 1172 quod

159 1179 258 1264 praed.
272 1182 382 1247 Abbas
397 1192 430 1248 et
445 1184 628 1268 praedecess.
653 1186 713 1263 sui,
734 1186 879 1251 Abbates
894 1188 989 1270 proed.
1006 1189 1090 1254 Ecol.
1104 1187 1143 1253 de
1155 1189 1300 1271 Whitby,

160 1299 228 1343 non
242 1280 374 1346 fuerunt
393 1282 496 1347 soisiti
512 1283 552 1347 (16
574 1304 681 1348 annuo
704 1284 789 1350 redd.
806 1285 901 1369 proed.
917 1308 937 1350 a
952 1293 1094 1372 tempore
1117 1289 1208 1371 cujus
1224 1308 1299 1351 con-

159 1378 251 1443 trarii
276 1382 429 1446 memoria
455 1403 519 1446 non
546 1383 673 1460 existat,
695 1390 792 1467 prout
812 1386 909 1469 praed.
935 1387 1045 1452 Abbas
1072 1388 1217 1471 superius
1244 1407 1301 1469 per

160 1478 257 1543 breve
274 1487 308 1545 et
326 1483 541 1547 narrationem
561 1503 619 1547 sua
634 1485 804 1567 supponit:
826 1485 869 1548 Et
889 1486 928 1549 de
951 1485 1011 1551 hoc
1034 1487 1126 1570 ponit
1148 1507 1181 1550 se
1204 1507 1299 1571 super

159 1581 305 1662 patriam.
350 1582 394 1645 Et
417 1582 514 1666 praed.
543 1583 654 1647 Abbas
681 1582 836 1660 similiter,
863 1590 921 1649 etc.
968 1585 1045 1650 Ideo
1071 1592 1220 1670 precatus
1250 1593 1300 1650 est

160 1677 330 1762 Vic'quod
345 1681 453 1747 venire
469 1682 566 1745 faciat
581 1682 633 1745 hic
648 1702 667 1745 a
682 1682 734 1746 die
757 1683 883 1747 Sanetae
903 1684 1080 1761 Trinitatis,
1104 1686 1139 1748 in
1161 1706 1204 1747 xv
1220 1684 1299 1761 dies,

159 1796 219 1859 per
228 1778 325 1862 jurat
342 1779 398 1857 xii,
412 1785 481 1857 etc,
491 1781 532 1845 de
547 1779 691 1843 visneto²
706 1780 745 1844 de
761 1780 968 1865 Skirtynbek,
983 1804 1040 1866 per
1055 1804 1144 1868 quos,
1159 1789 1217 1848 eto.
1256 1785 1299 1847 Et

160 1876 219 1959 qui
241 1898 308 1955 nec,
331 1886 390 1944 etc.
437 1878 490 1942 Ad
511 1899 634 1963 recogn.
658 1885 716 1944 eto.
763 1880 847 1957 Quia
867 1888 943 1958 tam,
969 1888 1027 1947 etc.
1084 1882 1200 1946 Postea
1223 1901 1297 1944 con-

159 1976 288 2042 tinuato
308 1978 383 2042 inde
404 1999 555 2064 processu
578 1978 662 2042 inter
684 1984 791 2062 partes
812 1981 980 2063 praedictas
1003 1981 1199 2065 perjuratus
1222 1980 1297 2044 inde

159 2075 313 2142 intereos
328 2079 420 2162 posit.
436 2079 471 2142 in
486 2084 667 2161 respectum
683 2078 735 2143 1116
751 2100 852 2163 usque
868 2102 887 2143 a
902 2080 953 2144 die
970 2081 1000 2146 S.
1016 2080 1187 2145 Michaelis
1202 2080 1237 2143 in
1253 2100 1296 2142 xv

159 2174 246 2240 diem
270 2197 358 2260 prox.
386 2184 582 2260 sequentem,
609 2179 673 2242 nisi
699 2180 816 2243 Justic.
842 2180 920 2242 D'ni
941 2179 1036 2264 Regis
1059 2180 1099 2243 ad
1122 2180 1237 2243 assises
1260 2179 1297 2242 iii

159 2295 272 2340 comm.
289 2277 384 2360 praed.
402 2298 459 2361 per
481 2279 616 2342 formam
639 2277 753 2342 statuti
769 2284 826 2342 eto.
843 2279 996 2362 capiend,
1012 2279 1126 2363 assign.
1143 2279 1195 2343 die
1210 2279 1295 2343 lunae

159 2394 249 2457 prox.
266 2374 373 2459 (137b)
388 2378 477 2460 post³
500 2427 506 2440 .
531 2427 537 2442 .
561 2427 567 2440 .
592 2377 622 2441 S.
648 2377 764 2461 [Petri]
787 2377 827 2441 ad
843 2378 982 2442 Vincula
998 2379 1113 2442 ultimo
1134 2379 1297 2462 praetcrito

159 2474 248 2558 apud
268 2475 361 2540 Ebor.
384 2476 474 2559 prius
496 2476 670 2553 venissent,
690 2482 747 2539 eto.
793 2477 836 2540 Et
859 2478 953 2541 modo
974 2477 1027 2542 hic
1047 2478 1087 2541 ad
1108 2477 1195 2542 hunc
1210 2478 1296 2542 diem

159 2573 250 2638 venit
275 2580 343 2638 tam
368 2575 464 2658 praed
492 2575 603 2639 Abbas
629 2595 725 2658 quam
752 2575 847 2657 praed.
873 2575 1038 2640 Johannes
1065 2576 1213 2654 Newark‚
1239 2597 1296 2659 per

158 2678 275 2737 attorn.
290 2693 364 2737 suos
379 2673 555 2758 praedictos.
602 2674 646 2738 Et
665 2674 760 2757 praed.
775 2675 798 2737 J
801 2675 891 2738 ustio.
914 2676 955 2738 ad
979 2677 1094 2740 assises
1117 2681 1175 2740 eto.
1191 2697 1296 2740 coram

158 2772 278 2857 quibus
293 2778 351 2837 etc.
368 2775 525 2838 miserunt
539 2773 591 2837 hic
606 2774 772 2838 recordum
795 2775 940 2837 suumin
962 2775 1031 2839 haec
1046 2776 1159 2838 verba:
1182 2777 1297 2840 Postea

159 2873 213 2937 (lie
228 2878 261 2936 et
280 2873 350 2937 loco
372 2872 457 2936 inira
472 2880 611 2936 content.
636 2893 743 2936 coram
766 2873 905 2938 Roberto
928 2873 1062 2937 Tirwhit
1085 2882 1118 2938 et
1133 2874 1297 2939 Willelmo

159 2971 359 3056 Iodyngton,
374 2972 490 3036 Justic.
512 2972 589 3035 D'ni
612 2972 706 3056 Regis
721 2973 762 3036 ad
777 2974 893 3037 assisas
909 2973 944 3036 in
959 2994 1037 3037 com.
1056 2975 1141 3037 Ebor
1152 2973 1296 3056 capiend.
1426 3049 1428 3055 Ι

158 3072 284 3156 assign,
298 3092 368 3135 ven.
392 3077 459 3135 tam
481 3071 591 3135 Abbas
615 3070 654 3135 (16
670 3071 824 3155 Whiteby
840 3093 937 3156 quam
958 3072 1123 3137 Johonnes
1145 3072 1298 3149 Newark‚

158 3172 300 3236 Persona
317 3170 392 3234 eccl.
410 3170 450 3234 de
471 3169 688 3253 Skyrtynbek,
709 3170 794 3233 infra
816 3171 982 3247 nominati,
1004 3191 1061 3253 per
1083 3177 1197 3234 attorn.
1220 3191 1295 3234 suos

157 3271 243 3335 111116
265 3291 349 3334 116111.
361 3295 368 3350 ;
398 3276 431 3334 et
449 3269 623 3353 jun—scil.
646 3269 831 3334 Willelmus
852 3271 978 3353 Dautry
1002 3270 1041 3333 de
1062 3270 1145 3333 Ford
1168 3270 1295 3345 Sutton,

157 3370 346 3435 Willelmus
376 3368 415 3433 dc
441 3371 596 3444 Fentona,
621 3368 788 3434 Johannes
819 3368 959 3445 Bulmer,
989 3369 1144 3432 Ricardus
1175 3370 1296 3446 Letom,

157 3470 344 3535 Willelmus
358 3467 580 3552 Wyrethorpe,
603 3468 770 3534 Johannes
793 3467 945 3551 Jakelyn,
966 3467 1134 3530 Amandus
1159 3467 1293 3550 Couroy,

157 3568 379 3654 Ed[mund]us
402 3567 552 3651 Thweng
575 3565 761 3630 Willelmus
791 3566 930 3649 Lillyng,
961 3565 1121 3629 Henricus
1151 3564 1295 3642 Acclom,

157 3670 296 3733 Thomas
312 3667 352 3731 (16
367 3667 553 3750 Grymston,
564 3675 597 3730 et
612 3665 778 3730 lohannes
794 3672 860 3729 otte
876 3665 973 3729 Marr’
984 3664 1022 3729 de
1038 3665 1177 3748 Hugate,
1189 3666 1294 3729 exacti

158 3767 308 3833 similiter
322 3787 403 3842 ven„
417 3766 475 3849 qui
497 3767 537 3829 ad
554 3765 723 3829 veritatem
738 3785 834 3848 super
851 3765 934 3827 infra
950 3764 1109 3828 contentis
1125 3763 1293 3828 dicendam

158 3918 165 3932 .
190 3919 195 3932 .
220 3918 226 3931 .
249 3866 271 3930 .⁴
286 3872 318 3930 et
336 3865 437 3950 jurati
452 3865 564 3929 dicunt
579 3885 675 3948 super
697 3884 827 3928 sacram.
851 3884 946 3927 suum
962 3862 1048 3946 quod
1070 3864 1165 3946 praed.
1181 3863 1292 3928 Abbas

158 3967 223 4030 fuit
244 3965 372 4030 saisitus
395 3964 435 4028 (16
457 3985 564 4028 61111116
586 3963 714 4027 redditu
737 3963 907 4027 tresdecim
930 3961 985 4027 sol.
1009 3968 1042 4026 et
1064 3967 1202 4046 quatuor
1221 3963 1292 4028 den.

158 4066 245 4130 unde
267 4064 350 4129 infra
365 4064 402 4127 fit
416 4063 538 4127 mentio
553 4063 655 4146 (138),
670 4069 708 4125 ut
728 4062 767 4124 de
786 4062 858 4145 jure
881 4061 966 4126 Eccl
983 4081 1048 4125 suae
1064 4061 1093 4124 S.
1113 4060 1231 4144 Hyldoe
1254 4063 1293 4126 de

157 4165 296 4247 Whitby
322 4163 440 4239 Abbas,
466 4168 498 4226 et
527 4182 637 4226 omnes
666 4160 912 4244 praedecessores
942 4159 1001 4233 sui,
1024 4160 1167 4223 Abbates
1197 4161 1291 4243 praed.

194 4301 203 4335 ¹
222 4301 278 4353 Tho
289 4302 397 4369 reading
409 4302 431 4352 16
444 4318 509 4366 very
522 4300 669 4352 uncertain.
834 4297 845 4331 ²
861 4299 918 4349 The
929 4298 1002 4350 word
1014 4299 1037 4350 is
1049 4298 1141 4364 barely
1151 4298 1256 4366 legible.

192 4384 205 4419 ⁸
220 4384 284 4437 lacit
294 4385 384 4448 blank,
397 4401 426 4435 as
438 4384 493 4435 also
505 4384 552 4434 the
565 4401 639 4435 name
651 4385 678 4435 ol
690 4384 737 4434 the
752 4383 821 4434 saint
834 4382 1014 4447 immediately
1026 4381 1168 4448 following.

193 4465 204 4501 ¹
222 4467 352 4534 Illogible.
