2918 4980
291 485 560 540 OARTULARIUM
581 490 782 541 ABBATHIAE
803 491 850 541 DE
867 490 1050 543 WHITEBY.
1172 478 1234 535 485

224 700 311 765 DLI.
335 702 428 785 (147)
443 703 705 768 Arraoramr1o¹
720 704 892 768 Eccnssrn
908 722 950 769 nr
965 705 1108 769 Sanina

142 849 184 912 In
206 849 269 913 Dei
287 850 426 928 nomine,
441 852 556 917 Arnen.
601 853 734 917 Auditis
754 859 786 917 et
801 853 976 917 intellectis
991 853 1115 917 meritis
1131 872 1235 916 causae

95 967 154 1011 seu
181 949 304 1032 negotii
330 970 402 1033 quae
427 971 533 1016 eoram
560 952 664 1027 nobis,
691 952 865 1029 Willelmo,
891 953 1102 1036 permissione
1124 950 1236 1014 divina

95 1046 291 1114 Eboracensi
313 1048 575 1135 Arehiepiscopo,
597 1052 725 1135 Angliae
742 1053 892 1131 Primate,
907 1053 1096 1116 auctoritate
1111 1056 1236 1134 aposto·

94 1146 160 1212 lica
189 1149 374 1214 vertebatur
406 1171 502 1234 super
530 1151 736 1216 concessione
766 1172 822 1216 seu
855 1153 1115 1235 appropriatione
1145 1171 1236 1233 paro-

133 1297 143 1331 ¹
162 1299 218 1350 The
235 1300 374 1369 following
391 1306 498 1354 extract
515 1302 571 1353 will
588 1319 663 1354 serve
681 1307 710 1353 to
728 1302 861 1354 illustrate
873 1304 920 1354 the
931 1303 1136 1354 circumstances
1148 1299 1234 1352 under

96 1383 185 1434 which
204 1384 260 1435 this
278 1389 295 1412 “
304 1385 484 1451 appropriatio
493 1385 507 1408 ''
520 1403 574 1437 was
591 1387 696 1452 applied
713 1387 756 1437 for
767 1387 820 1437 and
836 1386 990 1451 eventunlly
1002 1387 1086 1437 made.
1123 1385 1236 1450 Copious

96 1467 230 1518 reference
242 1471 272 1519 to
283 1469 331 1519 the
343 1473 441 1520 matter
453 1469 476 1520 is
488 1469 571 1520 found
583 1470 610 1519 in
624 1469 793 1536 Archbishop
806 1469 930 1520 Melton'e
943 1470 1072 1536 Register,
1085 1486 1110 1535 p.
1125 1470 1185 1519 293.

133 1596 163 1669 [⁸⁴
172 1599 266 1669 Kinss's
278 1600 399 1653 letberto
411 1602 459 1653 the
468 1603 552 1669 pope,
564 1603 678 1670 Praying
690 1602 750 1654 that
763 1603 809 1654 the
822 1602 928 1653 Ohurch
940 1603 968 1653 of
980 1602 1095 1667 Whitby
1107 1601 1193 1668 might

422 1685 591 1751 tpproprim
603 1685 650 1736 the
662 1685 768 1736 Church
781 1685 809 1735 of
821 1682 948 1754 Semer.'’]

134 1795 149 1818 ‘⁴
160 1789 254 1841 Rotuli
272 1790 347 1843 Rom
362 1796 390 1843 et
405 1792 497 1844 hanc.
513 1793 593 1844 15-18
606 1792 680 1842 new.
695 1807 725 1843 11.
742 1794 774 1842 19
785 1793 847 1842 Jun
862 1791 960 1843 A016”
975 1793 1073 1854 (1223),
1088 1806 1125 1852 or,
1138 1807 1167 1840 as
1180 1790 1236 1840 itis

96 1872 201 1924 headed
211 1873 240 1923 in
253 1873 373 1940 Dugdnle
387 1874 467 1936 (Mon.
482 1874 499 1925 i
513 1876 565 1926 418
579 1881 602 1924 et
614 1891 673 1939 aeq,
691 1874 740 1925 No.
755 1874 866 1936 xxxin),
883 1878 898 1902 ‘⁸
909 1874 970 1924 Rot.
983 1873 1058 1924 Rom.
1072 1874 1104 1924 le
1118 1872 1191 1922 Edvr.
1205 1886 1234 1922 11.

97 1974 132 2008 m.
155 1958 195 2008 10.
233 1956 333 2022 Rymer
351 1956 460 2009 collect
475 1974 528 2008 nou
546 1959 664 2024 impress.
680 1965 744 2009 tom.
759 1957 795 2008 iii
809 1958 827 2008 f.
845 1959 903 2009 193.
939 1970 981 2007 nra
997 1956 1092 2006 Donat.
1107 1955 1150 2005 Br.
1165 1956 1234 2004 Mus.

96 2038 195 2095 4578.’‘

136 2122 240 2188 “Papae
252 2121 311 2172 Rex
323 2122 420 2173 devota
432 2121 529 2188 pedum
542 2122 632 2174 oscula
643 2123 789 2175 beatorum.
821 2122 866 2173 Ad
874 2122 995 2173 decorem
1004 2120 1128 2172 Ecclesia
1137 2127 1166 2172 et
1175 2121 1236 2171 vitae

96 2205 248 2256 monasticae
267 2205 412 2272 puritatem
424 2211 522 2257 nostrae
535 2207 754 2258 considerationis
773 2205 893 2256 obtuitus
906 2205 1057 2271 dirigentes,
1070 2204 1121 2255 etsi
1134 2205 1238 2255 cunctis

96 2289 153 2340 Deo
170 2289 364 2341 famulantibus
376 2289 404 2340 in
416 2290 586 2341 observantia
597 2290 712 2357 regulari
724 2289 847 2356 prodesse
860 2289 987 2355 cupimus,
1001 2294 1029 2338 et
1040 2289 1069 2338 in
1082 2287 1235 2355 opportuni·

94 2373 198 2424 tatibus
219 2372 367 2434 subvenire,
390 2374 497 2425 illorum
517 2378 607 2425 tamen
627 2373 771 2424 restaurari
789 2373 933 2439 deperdita,
951 2377 979 2423 et
1000 2371 1176 2438 depressionis
1197 2371 1237 2421 in-

95 2455 235 2507 commoda
251 2456 375 2523 reparari,
388 2455 527 2507 intentiori
544 2456 675 2507 desiderio
688 2460 864 2522 praeoptamus
876 2471 942 2522 quos
959 2472 1012 2506 non
1031 2455 1141 2521 proprias
1154 2453 1237 2520 culpae

95 2539 254 2591 demeritum
272 2539 319 2590 sed
337 2540 477 2591 servientis
494 2539 609 2591 fortuna
626 2539 763 2591 calamites
781 2539 950 2605 inopinanter
962 2539 1103 2605 supposuit
1115 2539 1236 2604 egestati.

95 2621 164 2673 Cum
181 2623 272 2689 itaque
290 2622 481 2674 Monasterium
499 2622 532 2673 de
550 2623 687 2687 Whiteby,
709 2622 771 2674 Ord.
785 2622 810 2673 S.
824 2622 970 2685 Benedicti,
984 2623 1061 2673 libor.
1075 2622 1151 2683 dioc,
1165 2623 1237 2689 quod

95 2705 124 2756 in
141 2705 200 2756 loco
217 2710 324 2757 vastato
340 2710 368 2757 et
389 2705 473 2757 sterili
491 2705 573 2757 situm
594 2711 644 2766 est,
662 2722 709 2771 per
728 2705 838 2756 hostiles
856 2705 1007 2757 Scottorum
1026 2721 1171 2772 aggressus,
1191 2706 1237 2770 qui

95 2788 175 2838 villas
192 2793 221 2839 et
239 2789 345 2855 oppida,
358 2789 481 2854 bonaque
498 2788 607 2839 mobilia
623 2788 742 2854 ejrrsdem
761 2787 853 2839 Mon'ii
870 2789 979 2840 feritate
991 2788 1127 2839 barbarica
1139 2788 1238 2853 pluries

95 2872 277 2936 devastarunt,
290 2888 392 2923 necnon
410 2887 458 2938 per
474 2888 639 2923 communem
649 2872 779 2923 murinam
792 2872 953 2934 animalium,
967 2877 995 2923 et
1008 2872 1073 2922 alios
1086 2872 1236 2936 insperatos

95 2960 216 3015 eventus,
236 2955 270 3006 ad
291 2960 395 3007 tantam
414 2954 494 3021 (quod
511 2953 632 3005 dolenter
649 2955 795 3017 referimus)
816 2955 932 3020 inopiam
950 2956 1005 3020 jam
1023 2954 1145 3021 pervenit
1157 2953 1236 3019 quod,

93 3039 145 3090 nisi
162 3038 272 3090 celerius
289 3039 372 3105 ipsius
390 3039 548 3089 desolationi
566 3040 719 3104 percipeat.
738 3038 908 3090 liberalitatis
921 3039 1115 3103 providentiam
1130 3053 1234 3087 suecur-

96 3127 179 3183 ratur,
185 3137 239 3173 non
247 3120 333 3172 solum
340 3122 373 3172 de
381 3122 560 3173 subtractione
570 3121 770 3172 elemosinarum
779 3127 807 3173 et
816 3122 927 3172 aliorum
935 3138 1042 3186 operum
1050 3120 1171 3171 canatis
1177 3136 1236 3185 quae

95 3203 195 3256 ibidem
207 3203 265 3255 fieri
277 3205 468 3267 consueverint,
482 3204 529 3255 sed
542 3204 624 3255 etiam
634 3204 667 3254 de
679 3204 841 3271 dispersione
853 3205 1040 3255 monachorum
1053 3202 1172 3266 ejusdem
1185 3202 1236 3252 loci

95 3286 276 3338 verisimiliter
288 3287 554 3337 formidatum-Nos
565 3287 723 3338 dilectorum
732 3288 808 3338 uobis
817 3287 845 3338 in
855 3287 911 3337 Deo
921 3286 1035 3337 Abbatis
1045 3291 1073 3335 et
1083 3284 1237 3335 Conventus

95 3370 146 3421 loci
162 3369 236 3420 illius
255 3369 404 3435 paupertati
420 3373 448 3419 et
466 3370 596 3435 augustia
614 3370 657 3435 pio
678 3371 869 3436 compatientes
891 3369 996 3431 affectu,
1016 3369 1237 3433 advertenteeque

95 3453 213 3519 ipsorum
229 3453 422 3519 depressionem
439 3469 486 3517 per
498 3453 739 3520 appropriationem
756 3454 871 3504 ecclesiae
893 3453 926 3504 de
939 3453 1051 3515 Semare,
1065 3452 1142 3503 dictas
1155 3450 1234 3501 Ebor.

96 3537 173 3598 dioc,
183 3552 243 3602 que
255 3536 288 3587 de
300 3537 416 3602 ipsorum
428 3541 571 3602 patronatu
585 3537 684 3599 existit,
697 3537 813 3602 possein
825 3538 1024 3603 presentiarum
1036 3536 1237 3587 convenientius

96 3621 221 3688 reparari,
234 3620 376 3672 Sanctitati
394 3625 489 3671 vestras
511 3620 608 3671 devota
624 3621 743 3686 precium
765 3620 892 3671 instantia
909 3620 1086 3685 supplicamus
1102 3625 1235 3685 quatenus

97 3703 131 3754 ad
148 3702 315 3754 relevandam
332 3702 450 3769 ipsorum
469 3704 686 3770 supplicationem
704 3719 791 3769 quam,
806 3709 836 3755 ut
854 3707 950 3753 nostrae
963 3702 1234 3753 montisdesiderium

97 3786 201 3852 plenius
218 3789 312 3836 vestris
330 3785 478 3836 clementiae
492 3786 646 3847 innotescat,
660 3787 771 3837 fecimus
784 3785 836 3836 hiis
848 3786 956 3845 includi,
971 3785 1084 3852 gratiam
1097 3785 1236 3836 admittere

97 3867 244 3936 dignemini
260 3868 392 3935 gratiose;
411 3884 546 3934 speramus
563 3869 662 3920 etenim
678 3869 749 3935 quod
766 3868 846 3918 iidem
859 3869 993 3935 Religiosi,
1006 3869 1053 3935 qui
1065 3869 1122 3920 siue
1134 3867 1236 3918 viribus

97 3969 150 4003 non
169 3951 298 4017 possunt”
319 3950 374 4014 (the
396 3951 506 4018 reading
527 3952 589 4002 here
611 3953 634 4003 is
651 3952 753 4017 utterly
769 3957 885 4018 corrupt,
903 3952 982 4019 being
1001 3956 1016 3980 “
1026 3953 1179 4018 adjicerent,
1196 3967 1235 4002 re·

98 4032 238 4100 surgant')
263 4033 322 4083 “de
340 4034 473 4084 fructibus
492 4035 606 4086 ecclesiae
624 4035 789 4101 supradictae,
804 4035 851 4100 qui
873 4035 988 4085 valorem
1008 4051 1123 4085 annuum
1141 4039 1236 4100 qrrater

98 4116 193 4183 viginti
212 4131 357 4166 marcarum
376 4116 562 4183 sterlingorum
580 4118 659 4182 juxta
675 4117 838 4168 taxationem
857 4117 965 4168 decimae
983 4135 1035 4168 non
1052 4117 1192 4177 excedunt,
1213 4115 1236 4165 si

98 4215 142 4251 eos
153 4199 181 4249 in
196 4199 313 4265 proprios
326 4216 390 4249 usus
402 4200 524 4264 Apostol.
538 4199 698 4251 liberalitate
710 4199 888 4250 concedatur”
902 4205 1029 4265 (corrupt)
1045 4201 1161 4251 “divino
1174 4198 1236 4249 fulti

98 4282 219 4349 prasidio
237 4298 254 4332 a
271 4287 348 4333 tanta
365 4288 490 4349 egestate,
509 4299 632 4349 processu
651 4283 783 4348 temporis,
797 4300 825 4333 se
843 4287 991 4346 cruentet
1007 4283 1236 4334 incumbentiaeis

99 4381 178 4416 onera
194 4382 308 4433 congrue
321 4366 524 4432 supportabant
562 4367 706 4417 Conservet
724 4370 773 4416 etc.
813 4367 912 4417 Datum
927 4367 997 4433 apud
1016 4368 1112 4434 Thoria,
1131 4368 1176 4417 xix
1193 4365 1236 4416 dic

99 4447 198 4499 Junii''

145 4545 214 4595 VOh
229 4547 263 4597 11.
1093 4549 1104 4596 l
