2918 4980
163 472 225 531 382
346 484 619 536 CARTULARIUM
638 482 840 534 ABBATHIAE
860 481 908 533 DE
926 483 1111 535 WHITEBY.

160 649 295 724 Osberto
315 649 355 712 dc
379 649 523 712 Sethuna
545 654 578 711 et
593 649 661 711 suis
682 648 755 710 haer.
773 647 938 710 dimidiam
962 653 1143 711 carucatam
1158 655 1250 710 terrae
1265 645 1300 707 in

162 744 369 809 Hilderwella
399 766 497 829 quam
527 745 711 809 Willelmus
741 744 925 820 Wirelalch,
953 745 1145 810 concedente
1175 742 1301 808 haerede

159 863 217 906 suo
243 843 431 922 Willelmo,1
455 843 545 908 dedit
570 845 605 907 in
631 843 838 908 elemosinam
863 843 1015 908 Ecclesiae
1037 845 1067 908 S.
1096 842 1182 908 Petri
1209 850 1243 906 et
1268 842 1299 907 S.

159 941 268 1006 Hildae
284 943 323 1007 de
337 943 503 1026 Whitcby,
515 964 588 1007 curn
604 945 694 1019 tofto,
706 943 753 1006 ita
768 943 821 1006 lib.
837 948 870 1007 et
885 963 937 1025 qu.
950 943 1035 1007 sicut
1049 942 1118 1027 ipse
1131 945 1164 1025 (3
1169 939 1217 1023 5¹³)
1228 960 1300 1004 eam

159 1042 297 1119 tenebat,
313 1043 502 1126 red[d]endo
525 1064 582 1128 pro
601 1064 637 1107 eo
653 1049 791 1126 quatuor
805 1042 923 1106 solidos
938 1042 1063 1106 duobus
1083 1041 1229 1105 terminis
1244 1058 1301 1123 per

158 1140 301 1224 singulos
326 1161 434 1206 annos.
479 1142 522 1204 Et
544 1142 572 1204 si
595 1140 738 1205 Ecclesia
760 1141 900 1224 potuerit
925 1161 995 1205 eam
1018 1140 1190 1224 aliquando
1216 1138 1299 1202 redi-

159 1257 244 1302 mere
260 1247 293 1302 et
303 1239 447 1322 quietam
459 1240 562 1304 facere
574 1239 613 1303 de
628 1240 777 1303 omnibus
793 1239 934 1303 servitiis
948 1240 1143 1304 exteriorum
1155 1239 1298 1303 d’norum

158 1338 276 1420 quibus
292 1339 385 1402 modo
408 1339 567 1422 implicita
588 1345 645 1415 est,
660 1337 824 1421 ad[j]iciet
839 1358 895 1421 pro
911 1338 971 1402 hac
993 1338 1140 1402 libertate
1156 1335 1196 1401 ad
1211 1337 1297 1420 prees.

158 1437 320 1501 redditum
347 1438 426 1502 duos
453 1437 580 1514 solidos,
606 1445 639 1501 et
665 1437 776 1502 reddet
806 1458 863 1520 pro
894 1458 932 1501 ea
962 1438 1097 1522 singulis
1123 1436 1216 1501 annis
1243 1455 1297 1499 sex

158 1536 285 1602 solidos.
330 1537 405 1601 Hiis
421 1539 566 1603 testibus.
611 1537 781 1601 Edmundo
798 1537 993 1601 Presbitero:
1019 1543 1051 1601 et
1065 1536 1145 1601 aliia

596 1796 871 1880 ccccxxvur.

202 1994 295 2056 Omu.
323 1992 382 2056 has
408 1991 470 2057 litt.
495 1993 553 2056 vis.
579 1992 639 2055 vol.
666 1991 836 2066 audituris,
863 1989 1017 2053 Osbertus
1048 1988 1234 2053 Wirfauch²
1258 1988 1297 2052 de

160 2092 376 2168 Hilderwella
399 2092 544 2156 salutem.
591 2091 707 2154 Sciatis
730 2111 781 2154 me
804 2089 842 2166 d,
865 2109 950 2153 cono.
975 2096 1007 2152 et
1029 2087 1089 2152 hac
1112 2109 1156 2172 pr.
1180 2108 1205 2152 c.
1229 2107 1299 2151 mea

158 2191 249 2266 coni,
264 2211 321 2273 pro
336 2210 359 2254 s.
376 2190 492 2253 animae
506 2210 586 2252 meac
608 2196 641 2252 et
663 2194 816 2253 antecess.
832 2208 985 2265 meorum,
1000 2188 1070 2251 Deo
1093 2194 1126 2251 et
1148 2187 1298 2251 Ecclesia

159 2289 194 2352 Β.
218 2289 306 2352 Petri
328 2294 361 2351 et
384 2288 413 2351 S.
436 2288 545 2351 Hildae
568 2288 607 2350 de
629 2288 794 2372 Whitcby,
816 2295 849 2351 et
872 2287 1015 2370 ejusdem
1037 2286 1101 2350 loci
1122 2286 1245 2350 Abbati
1266 2292 1299 2350 et

159 2387 350 2462 Conventui,
366 2387 473 2451 dimid.
491 2407 592 2451 carue.
610 2387 675 2449 t’rae
697 2387 732 2448 in
753 2387 885 2451 t’ritorio
901 2387 941 2451 de
964 2385 1172 2449 Hilderwella
1188 2386 1226 2450 de
1241 2406 1298 2450 sex

158 2487 284 2549 bovatis
304 2506 383 2569 quas
407 2506 463 2570 ego
485 2486 576 2549 tenui
598 2485 633 2548 in
656 2486 928 2550 dominico-scil.
945 2485 1035 2549 illam
1058 2484 1133 2548 dim.
1150 2506 1209 2548 car.
1226 2505 1298 2567 quae

154 2584 240 2666 jacet
261 2583 471 2667 propinquior
488 2585 555 2648 t'rae
577 2604 674 2666 quam
697 2583 854 2667 Magister
868 2585 891 2648 J
893 2585 1036 2647 ohannes
1051 2583 1090 2647 de
1112 2582 1298 2659 Neuwerth,

158 2683 297 2747 Persona
313 2682 352 2746 de
368 2682 586 2760 Hilderwella‚
601 2682 707 2746 tenuit
722 2683 762 2747 de
785 2683 923 2747 Roberto
939 2683 1005 2746 filio
1028 2682 1104 2745 D’ni
1119 2682 1243 2745 Yvonis
1258 2681 1298 2745 de

158 2779 298 2858 Setona,8
328 2802 402 2845 cum
431 2783 523 2846 tostis
553 2788 586 2845 et
616 2783 726 2847 croftis
756 2783 813 2866 qui
847 2783 956 2865 jacent
985 2782 1070 2846 inter
1098 2782 1296 2865 mesuagium

157 2881 291 2945 Roberti
326 2880 386 2943 filii
416 2881 513 2944 Alani
543 2890 575 2945 et
605 2882 725 2945 toftum
755 2903 853 2966 quem
890 2889 992 2945 mater
1027 2881 1130 2965 ipsius
1167 2879 1298 2945 Roberti

157 2981 320 3063 quondam
335 2981 448 3057 tenuit,
464 3000 538 3045 cum
553 3001 636 3044 omn.
653 2988 731 3065 pert.
749 2981 819 3064 (36)
835 2980 902 3044 suis
923 2980 1008 3043 inira
1022 2979 1135 3043 villam
1150 2987 1184 3044 et
1198 2987 1297 3057 extra,

156 3100 254 3163 prope
270 3087 302 3143 et
317 3079 436 3163 procul,
452 3080 520 3144 siue
535 3079 643 3163 aliquo
659 3085 887 3155 retenement0,
901 3080 937 3141 in
952 3099 993 3162 p,
1008 3078 1072 3155 lib,
1088 3100 1140 3162 qu.
1157 3084 1189 3143 et
1210 3099 1298 3162 perp.

156 3178 371 3242 elemosinam.
428 3179 495 3263 Ego
521 3199 604 3255 vero,
630 3178 726 3262 praed.
754 3179 917 3254 OsbertuS,
944 3187 976 3242 et
1005 3178 1079 3242 haer.
1106 3179 1170 3242 mei
1200 3179 1297 3262 praed.

157 3278 362 3342 donationem
377 3278 472 3341 diotae
488 3277 563 3341 dim.
580 3286 743 3354 carucatae,
758 3298 832 3340 curn
853 3277 942 3340 tostis
958 3282 991 3339 et
1005 3276 1124 3353 crustis,
1139 3283 1172 3340 et
1187 3297 1296 3341 eorum

156 3386 243 3460 pert,
259 3378 343 3442 sicut
365 3377 553 3461 praedictum
576 3384 633 3452 est,
656 3397 682 3440 c.
705 3396 731 3440 o.
755 3374 785 3438 h.
809 3375 868 3458 [et]
893 3374 913 3439 f.
930 3395 1002 3439 war.
1018 3382 1051 3438 et
1072 3375 1299 3439 defendemus:

155 3477 199 3540 Et
214 3478 256 3540 sit
272 3478 349 3541 adeo
372 3476 471 3540 libera
490 3475 664 3539 elemosina
685 3475 747 3538 ista
762 3475 847 3538 sicut
862 3474 971 3557 aliqua
992 3481 1098 3557 potest
1120 3495 1188 3539 esse
1204 3474 1297 3539 elem.

155 3576 292 3639 liberior.
338 3577 381 3639 Et
403 3583 440 3639 ut
462 3576 529 3639 haec
552 3595 624 3638 mea
642 3574 771 3637 donatio
794 3581 863 3637 rata
878 3574 921 3637 sit
936 3581 969 3637 et
984 3573 1118 3650 stabilis,
1133 3594 1223 3657 praes.
1239 3594 1298 3638 scr.

156 3675 211 3758 sig.
228 3696 335 3738 meum
358 3675 501 3758 apposui.
546 3674 621 3738 Hiis
644 3673 788 3738 testibus.
834 3673 990 3755 Magistro
1014 3673 1166 3750 Serlone,⁴
1179 3672 1298 3738 Archi-

158 3774 311 3837 diacono:
335 3780 367 3837 et
382 3774 463 3838 aliis.

192 3948 201 3982 ¹
221 3951 268 4001 Sec
282 3950 334 4001 last
347 3951 497 4012 document,
512 3950 565 4001 and
578 3954 648 4000 nota
1046 3945 1057 3980 2
1076 3949 1124 4000 See
1136 3948 1163 3999 N
1164 3966 1187 4000 c.
1200 3952 1260 4001 426.

191 4032 202 4067 ³
220 4035 258 4084 Το
271 4051 286 4084 a
298 4036 402 4086 charter
415 4035 451 4100 by
465 4035 552 4085 Adam
565 4033 597 4084 de
611 4034 679 4084 Brus
693 4032 832 4098 (probably
846 4032 893 4083 the
911 4032 1007 4083 second
1020 4031 1048 4081 cf
1066 4032 1113 4082 the
1126 4037 1220 4094 name),
1236 4050 1296 4083 con-

155 4117 261 4184 firming
273 4117 392 4168 William
410 4117 574 4185 Engelram’s
586 4115 713 4165 ‹lonation
726 4115 754 4164 ol
772 4115 823 4165 five
841 4114 952 4165 bovates
970 4113 998 4164 oi
1015 4113 1078 4164 land
1091 4114 1119 4164 in
1132 4114 1298 4181 Welleberga

156 4199 305 4266 (Welbury)
326 4206 354 4252 to
374 4200 503 4251 Rievaulx
519 4201 598 4262 (Cott.
618 4211 675 4248 uss,
689 4197 742 4247 Jul.
762 4197 793 4247 D.
814 4197 831 4246 i.
845 4197 894 4247 No.
909 4199 962 4259 78),
975 4196 1024 4246 the
1043 4213 1134 4247 names
1150 4198 1178 4246 ol
1196 4197 1245 4247 Ivo
1264 4198 1297 4247 dc

154 4281 236 4333 Seton
248 4285 300 4334 aud
314 4284 431 4334 William
443 4281 564 4332 Wirfaud
577 4264 783 4345 are'appended,
801 4278 938 4329 doubtless
950 4278 1077 4329 identical
1091 4277 1159 4328 with
1177 4279 1224 4328 the
1238 4278 1297 4329 Yvo

155 4363 183 4413 of
195 4365 249 4416 this
261 4367 367 4417 charter
379 4367 432 4416 and
444 4366 491 4416 the
504 4363 593 4415 father
605 4364 632 4413 oi
644 4363 690 4413 the
702 4366 811 4427 grantor
823 4360 850 4410 ol
862 4362 891 4411 it.

189 4445 200 4479 ⁴
219 4449 389 4500 Arcbdeacon
402 4449 430 4498 oi
440 4446 583 4499 Cleveland
596 4447 624 4496 in
640 4445 687 4495 the
699 4460 775 4509 years
790 4445 949 4504 12304237,
963 4443 1016 4493 aud
1028 4443 1101 4494 later.
