2918 4980
349 473 622 526 GAETULARIUM
639 475 841 528 ABBATHIAE
858 477 906 527 DE
924 477 1110 528 WHITEBY.
1240 467 1299 525 411

159 656 233 701 mea
257 637 390 702 donatio
413 643 483 702 rata
506 640 551 703 sit
574 647 608 704 et
631 639 767 717 stabilia,
790 661 836 724 pr.
859 660 916 706 scr.
940 640 995 725 sig.
1017 642 1082 706 mei
1104 641 1304 725 appositione

158 737 367 801 corroboravi.
412 737 488 802 Hiis
504 738 649 804 teatibua.
693 740 778 803 D’nc
794 738 957 823 Stephano
972 739 1013 804 de
1028 739 1143 804 Roaell.
1182 739 1304 804 Thema

159 834 476 920 deHaukeagarthe:
499 844 532 902 et
543 837 624 902 aliie.

631 998 829 1065 ccccm.

204 1135 298 1200 Omn.
321 1136 442 1201 Christi
464 1137 613 1201 fidelibus
631 1136 689 1202 hae
711 1138 773 1201 litt
797 1139 854 1202 vis,
871 1139 924 1203 vel
944 1138 1025 1215 aud„
1040 1137 1150 1222 Agnes
1173 1137 1304 1222 Beyus‚¹

158 1235 307 1300 salutem
352 1236 515 1300 Noveritia
526 1236 613 1301 univ.
629 1235 716 1320 quod
730 1237 791 1301 sub
803 1237 863 1302 hac
872 1238 975 1302 forma
989 1238 1140 1302 convenit
1150 1238 1236 1302 inter
1250 1259 1302 1301 me

158 1340 193 1399 et
214 1334 377 1400 Abbatem
399 1341 433 1400 ct
455 1336 553 1400 Conv.
577 1336 617 1400 de
632 1336 797 1420 Whiteby,
819 1336 907 1420 quod
929 1358 996 1421 ego,
1017 1338 1138 1421 Agnes,
1160 1357 1245 1401 conc.
1270 1345 1303 1401 et

159 1434 286 1517 quietas
308 1434 346 1498 cb
370 1434 410 1499 de
432 1456 484 1499 me
506 1443 540 1499 at
561 1434 634 1499 haer.
658 1436 739 1500 meis
762 1436 849 1501 dicto
870 1436 993 1500 Abbati
1015 1445 1048 1501 et
1068 1437 1166 1500 Oonv.
1191 1456 1301 1500 omnes

160 1534 243 1610 t'ras,
266 1553 338 1597 cum
361 1541 452 1617 pert,
466 1554 547 1617 qnae
569 1534 737 1618 exigebam
760 1535 800 1599 de
822 1535 917 1600 dictis
939 1535 1066 1600 Abbate
1089 1544 1121 1600 et
1145 1536 1242 1601 Ocnv.
1266 1536 1301 1597 in

158 1633 343 1716 Rieewarpe
364 1654 421 1717 per
442 1633 538 1698 breve
552 1634 631 1697 D'ni
653 1635 747 1718 Regia
764 1655 870 1699 coram
885 1635 1081 1699 Justiciariis
1104 1635 1181 1698 D’ni
1203 1635 1300 1718 Regia

159 1732 246 1815 apud
275 1731 431 1816 Wbiteby
448 1733 553 1796 :-Ita
582 1731 688 1809 videl„
717 1733 804 1816 quod
839 1754 907 1818 ego,
937 1734 1056 1818 Agnes,
1086 1734 1236 1798 accedam
1266 1734 1300 1796 in

159 1833 288 1916 propria
308 1852 444 1915 persona
458 1852 478 1895 a
493 1831 544 1895 die
560 1832 691 1896 Paschae
713 1833 748 1895 in
764 1838 829 1897 tres
852 1834 1047 1918 septimanas
1062 1853 1169 1897 coram
1184 1833 1206 1897 J
1208 1833 1300 1896 ustie.

159 1932 237 1995 D’ni
252 1932 349 2014 Regia
360 1931 448 2015 apud
458 1931 492 1994 N
492 1929 681 2014 ottingham,
693 1937 726 1996 et
740 1931 817 1997 ibid
832 1932 947 1996 faciam
960 1932 1080 1996 dictam
1095 1952 1147 2014 qn
1160 1931 1299 1994 claman-

158 2031 240 2094 tiam
257 2030 470 2114 cyrograffari,
491 2038 524 2094 et
545 2029 648 2094 dictos
663 2029 824 2094 Abbatem
848 2036 880 2095 et
896 2030 994 2096 Oonv.
1011 2051 1084 2114 erga
1106 2031 1205 2093 D’noa
1228 2031 1299 2112 (60)

159 2131 182 2196 J
184 2129 275 2194 ustie
292 2128 332 2194 de
353 2128 570 2193 misericordia
585 2129 716 2193 servabo
739 2129 947 2213 indempnes:
970 2137 1003 2195 et
1017 2150 1074 2214 pro
1096 2130 1157 2193 hac
1172 2149 1299 2193 conces-

158 2230 249 2294 sione
267 2235 300 2293 et
322 2250 374 2311 qu.
393 2228 566 2292 clamantia
588 2227 667 2292 dicti
682 2227 792 2292 Abbaa
807 2236 839 2292 et
863 2228 961 2293 Oonv.
978 2228 1100 2292 dabunt
1121 2227 1221 2291 michi
1236 2237 1300 2292 tres

159 2349 282 2393 marcas
304 2328 436 2412 argenti,
451 2334 484 2391 et
499 2327 609 2391 decem
624 2326 742 2391 solidos
757 2328 799 2391 ad
820 2348 919 2391 unam
937 2327 1056 2403 robam,
1078 2335 1111 2391 et
1128 2326 1299 2404 willelmo,

158 2427 226 2491 filio
252 2446 332 2505 meo,
355 2425 567 2509 quadraginta
585 2425 731 2488 denarios
755 2424 796 2488 ad
816 2445 915 2488 unam
940 2425 1094 2502 tunicam,
1116 2424 1156 2489 de
1180 2425 1298 2507 quibus

159 2526 319 2592 dederunt
343 2523 443 2587 michi
472 2544 571 2587 unam
600 2543 741 2588 marcam
770 2544 836 2607 prae
866 2524 1033 2603 manibus3
1063 2532 1096 2588 et
1126 2525 1161 2586 in
1191 2524 1298 2589 victus

159 2623 376 2702 necessarios,²
385 2622 471 2708 apud
480 2623 702 2707 Nottingham
713 2623 791 2686 dum
799 2624 846 2686 ibi
856 2624 940 2687 circa
954 2623 1165 2708 cyrograffum
1177 2644 1298 2686 moram

159 2726 285 2801 faciam,
300 2743 351 2788 me
367 2721 560 2787 sufficienter
575 2721 809 2805 ex[h]ibebunt.
854 2722 940 2786 Etsi
961 2722 1009 2785 ita
1023 2723 1196 2805 contingat,
1211 2721 1298 2804 quod

160 2845 218 2909 ego
241 2823 277 2886 in
300 2821 409 2904 aliquo
432 2819 472 2884 de
495 2819 591 2903 praed.
617 2820 887 2884 conventionibus
917 2821 1060 2897 deficere,
1091 2821 1172 2884 dabo
1203 2820 1297 2884 dictis

159 2922 281 2988 Abbati
307 2926 340 2984 ct
366 2920 475 2996 Conv„
506 2919 635 2983 nomine
661 2939 774 3003 poenae,
800 2918 836 2981 xl
860 2918 926 2996 acl„
951 2940 1017 2983 una
1043 2940 1118 2984 cum
1147 2920 1297 3003 expensis

159 3042 279 3098 eorum,
304 3026 338 3084 et
360 3038 501 3082 marcam
526 3038 592 3102 prae
617 3019 766 3082 manibus
797 3018 896 3082 michi
921 3025 1077 3103 pacatam.
1133 3018 1186 3082 Ad
1212 3019 1297 3082 hanc

159 3127 270 3186 antem
299 3123 445 3182 convent.
470 3116 607 3180 fideliter
630 3117 666 3179 in
695 3117 844 3181 omnibus
868 3117 1040 3181 tenendam
1070 3117 1166 3182 fidem
1192 3138 1296 3181 meam

159 3219 363 3304 corporaliter
376 3217 520 3301 praestiti,
530 3215 571 3279 ad
586 3217 738 3300 majorem
754 3216 967 3293 securitatem,
979 3217 1073 3280 tactis
1088 3217 1298 3281 sacrosanctis

160 3316 344 3402 evangeliis,
353 3315 470 3400 juravi,
485 3323 517 3379 et
528 3314 710 3379 Willelmus
725 3315 811 3379 filius
820 3336 910 3379 meua
926 3315 1082 3391 similiter,
1094 3337 1189 3398 quem
1202 3336 1298 3398 super

160 3417 332 3502 premissis
347 3415 489 3499 plegium
512 3435 569 3497 pro
584 3435 635 3479 me
658 3415 819 3479 constitui.
865 3415 945 3479 Haec
967 3423 1076 3479 autem
1098 3436 1187 3478 conv.
1211 3415 1297 3479 facta

160 3516 223 3581 fuit
237 3516 276 3579 A.
290 3515 380 3599 regni
403 3504 498 3597 Regis
521 3513 665 3597 Henricy
680 3514 768 3577 tertii
789 3513 949 3578 tricesimo
972 3520 1070 3578 sexto.
1116 3514 1191 3577 Hiis
1206 3515 1297 3578 testi·

159 3618 228 3683 bus.
273 3617 412 3682 Roberto
434 3615 474 3680 de
497 3615 671 3699 Orepynge,
694 3622 772 3679 tunc
787 3613 985 3679 vicecomite
1008 3614 1100 3679 Ebor.
1155 3614 1296 3679 Hemico

160 3717 227 3782 filio
242 3715 390 3781 Radulfi:
412 3721 445 3779 et
459 3714 539 3778 aliia.

625 3875 841 3942 cochxH.

204 4003 299 4068 Omn.
321 4002 382 4067 hcc
396 4023 452 4067 scr.
469 4003 526 4067 via.
550 4001 611 4066 vel.
628 4001 709 4078 aud„
730 3999 896 4064 Johannes
918 3999 961 4066 fil.
986 4001 1124 4066 Gilberti
1146 4001 1186 4066 de
1208 4002 1294 4066 Mal-

159 4102 311 4187 gcrsbirp,
326 4102 472 4166 salutem.
517 4101 598 4164 Nov.
616 4101 702 4164 univ.
718 4107 825 4164 vestra
847 4121 907 4177 mc,
922 4100 955 4163 in
979 4101 1123 4184 legitima
1145 4109 1178 4165 et
1199 4101 1296 4185 plena

160 4206 254 4265 aetate
276 4200 457 4265 maa-scii.
482 4221 566 4263 anno
588 4221 630 4282 gr.
654 4199 826 4262 millesimo
848 4208 921 4263 (ιο1110
943 4200 1217 4283 quinquagesimo,
1239 4221 1295 4284 pro

160 4300 299 4384 quadam
321 4320 447 4364 summa
468 4298 621 4383 pecuniae,
636 4298 818 4363 vendidisse
840 4306 873 4362 et
892 4299 952 4363 hac
974 4319 1063 4382 praea.
1082 4321 1106 4364 c.
1123 4320 1193 4363 mea
1216 4301 1297 4364 conf.

196 4437 206 4470 ¹
224 4439 272 4490 See
284 4439 347 4491 Noa
364 4442 421 4502 134,
438 4442 494 4497 102,
508 4439 561 4490 and
574 4443 657 4491 neten.
1078 4436 1089 4470 ²
1106 4442 1258 4490 manaae.
