2918 4980
357 493 630 546 GARTULARIUM
645 493 848 544 ABBATHIAE
864 493 912 543 DE
930 492 1117 544 WHITEBY.
1246 480 1308 539 663

227 743 428 808 Mannaruu
443 746 699 808 Anouuunoouo
717 742 916 808 Curvnmun
932 760 976 807 nn
992 758 1249 808 ruerinmnnuu

576 859 716 907 nuunnu
730 843 904 906 Annurm.

215 980 399 1043 Alexander
413 979 453 1043 D.
470 980 503 1043 P.
520 986 589 1056 etc,
604 979 721 1043 dilecto
736 979 803 1042 filio
818 978 1054 1043 Archidiacono
1077 985 1186 1043 nostro
1201 978 1307 1043 Olive-

171 1077 266 1154 land.,
277 1079 330 1143 vel
342 1080 411 1162 ejus
424 1078 569 1156 Officiali‚
585 1078 731 1154 salutem,
747 1085 805 1142 etc.
844 1078 995 1142 Oblatam
1010 1078 1103 1142 nobis
1119 1079 1308 1143 electionem

173 1176 291 1240 Prioris
317 1184 350 1241 et
374 1177 473 1242 Conv.
496 1176 611 1240 Mon’ii
637 1176 677 1240 de
699 1176 865 1260 Whiteby,
887 1182 1004 1240 nostrae
1026 1177 1126 1252 Dice,
1148 1177 1189 1241 de
1210 1177 1309 1241 fratre

172 1276 194 1338 J
196 1275 321 1340 ohanne
343 1275 383 1340 de
398 1275 606 1351 Richemoud,
622 1276 850 1340 commonacho
866 1276 945 1340 dicti
960 1276 1084 1352 Mon'ii,
1098 1277 1133 1339 in
1147 1276 1308 1340 Abbatem

172 1395 267 1438 suum
278 1375 397 1440 factam
409 1375 517 1440 debito
530 1375 726 1457 subjecimus
737 1375 899 1438 examini:
915 1395 1022 1457 quam,
1033 1375 1110 1458 quia
1125 1375 1308 1439 invenimus

172 1473 322 1537 canonice
349 1480 381 1537 et
411 1473 608 1538 concorditer
634 1472 836 1548 celebratam,
866 1472 1018 1536 duximus
1048 1473 1309 1550 confirmandam,

172 1570 374 1654 eundemque
396 1572 527 1636 fratrem
546 1572 569 1636 J
571 1571 740 1647 ohannem,
763 1571 866 1635 veluti
889 1572 1155 1655 circumspectum
1178 1573 1308 1637 Mones-

172 1669 252 1732 terio
275 1677 449 1733 memorato
471 1669 671 1752 praefecimus
693 1670 728 1733 in
751 1669 921 1746 Abbatem,
943 1690 1052 1733 curam
1075 1677 1108 1734 et
1131 1673 1308 1735 custodiam

173 1768 297 1830 Domus
320 1768 488 1852 praedictae,
504 1776 571 1831 tam
593 1769 628 1831 in
650 1768 873 1851 spiritualibus
893 1789 992 1851 quam
1011 1769 1046 1830 in
1068 1770 1309 1852 temporalibus,

173 1865 314 1948 plenarie
338 1868 584 1930 committentes.
652 1867 808 1943 Quocirca
831 1866 923 1930 vobis
943 1866 1133 1930 mandamus
1155 1869 1309 1950 quatinus

174 1964 325 2046 praedicto
339 1965 462 2028 Abbati
485 1965 617 2028 stallum
639 1966 674 2027 in
689 1965 785 2028 choro
807 1971 841 2029 et
861 1965 969 2030 locum
983 1965 1019 2028 in
1035 1964 1194 2049 capitulo,
1215 1975 1310 2050 pmut

174 2064 332 2139 convenit,
361 2063 539 2146 assignetis,
569 2063 705 2126 ulterius
731 2063 817 2146 quod
847 2072 990 2127 vestrum
1021 2068 1070 2128 est
1099 2084 1173 2148 erga
1202 2064 1310 2149 ipsum

174 2163 428 2244 promptitudine
458 2161 553 2225 officii
590 2170 794 2244 exequentes.
853 2163 976 2225 Datum
1013 2162 1100 2244 apud
1130 2162 1312 2249 Olaveryng

175 2261 279 2323 xxvio
293 2262 346 2325 die
361 2262 383 2325 J
386 2261 465 2337 unii,
480 2267 539 2324 eto.

247 2460 391 2523 Limum
406 2475 506 2522 MISSA
521 2459 607 2521 Ruor
622 2473 665 2519 nn
680 2457 938 2520 Tnnromnrsus
954 2471 997 2521 ur
1012 2472 1113 2520 ruma
1126 2472 1237 2522 runnu

230 2596 509 2660 Excellentissimo
546 2595 581 2657 in
619 2592 748 2658 Christo
785 2593 929 2676 Principi
958 2599 991 2658 et
1020 2594 1105 2657 D'no
1134 2613 1202 2670 suo,
1238 2593 1312 2658 d'no

176 2696 341 2771 Eduardo,
350 2696 389 2758 D.
403 2696 441 2760 G.
453 2693 535 2778 Regi
546 2692 673 2777 Angliae
684 2698 717 2756 et
727 2693 871 2757 Franciae
882 2693 1011 2769 illustri,
1023 2692 1215 2770 Alexander,
1226 2693 1266 2757 D.
1277 2694 1312 2757 P.

176 2796 327 2859 Ecclesiae
353 2795 444 2858 Ebor.
472 2794 593 2857 electus
619 2799 831 2868 consecratus,
852 2791 990 2856 salutem
1011 2791 1047 2855 in
1068 2793 1116 2856 Eo
1137 2812 1196 2875 per
1216 2813 1313 2876 quem

177 2914 265 2976 reges
302 2897 437 2976 regnant
474 2896 507 2954 et
535 2890 696 2974 principes
737 2889 952 2954 dominantur.
1012 2889 1096 2967 onia
1125 2891 1312 2956 electionem

177 3013 279 3075 nuper
302 2992 416 3054 factam
441 2990 477 3052 in
500 2989 621 3052 Mou'io
645 2989 683 3052 de
698 2988 863 3071 Whiteby,
886 2995 1003 3053 nostrae
1025 2989 1126 3066 Dioc,
1150 2990 1190 3054 dc
1216 2990 1314 3055 fratre

176 3093 198 3154 J
201 3091 326 3155 ohanne
352 3090 391 3153 de
418 3088 628 3164 Richemoud,
653 3087 882 3151 commonacho
913 3088 1066 3170 ejusdem,
1091 3089 1126 3150 iu
1152 3089 1313 3154 Abbatem

176 3191 238 3255 loci
265 3191 353 3253 illius
380 3189 490 3263 eleeto,
513 3187 566 3251 cui
587 3188 710 3270 regium
733 3186 926 3249 adhibuistis
949 3206 1116 3249 assensum
1137 3187 1257 3268 pariter
1281 3195 1315 3252 et

177 3292 326 3365 favorem,
356 3294 510 3370 tanquam
540 3287 579 3351 de
608 3306 744 3370 persona
769 3285 893 3362 idonea,
919 3284 955 3348 in
984 3285 1133 3348 omnibus
1163 3287 1315 3350 canonice

177 3389 368 3454 celebratam
383 3387 572 3451 auctoritate
588 3392 696 3450 nostra
718 3384 878 3448 ordinarie
900 3383 1168 3460 confirmavimus,
1185 3385 1315 3467 justitia

176 3488 332 3553 suadente
347 3506 418 3570 quae
434 3483 646 3548 dominationi
658 3489 772 3547 vestrae
782 3487 893 3546 tenore
903 3481 1111 3564 praesentium
1125 3481 1314 3547 intimamus

178 3589 284 3653 velitis
299 3587 470 3671 praecipere
486 3584 571 3667 quod
587 3585 694 3648 advos
709 3581 845 3646 ulterius
861 3581 1004 3664 pertinet
1018 3581 1053 3643 in
1065 3580 1125 3644 hac
1140 3588 1231 3664 parte
1245 3582 1314 3647 fieri

177 3710 250 3753 cum
273 3689 388 3751 favore.
435 3685 550 3748 Valeat
572 3691 605 3747 et
619 3683 725 3767 vigeat
747 3681 950 3746 Excellentia
971 3685 1078 3745 vestra
1099 3701 1156 3764 per
1170 3687 1316 3767 tempora

176 3788 312 3851 feliciter
327 3788 486 3850 duratura
532 3784 573 3847 In
588 3804 724 3867 quorum
739 3781 884 3845 omnium
899 3787 973 3845 test.
995 3779 1138 3864 sigillum
1160 3789 1316 3862 nostrum,

178 3893 236 3950 etc.
281 3887 404 3950 Datum
420 3885 471 3947 die
488 3889 521 3948 et
535 3883 614 3959 loco,
629 3889 688 3946 etc.

352 4085 561 4149 Onnnmurm
576 4100 616 4146 nr
630 4084 864 4148 Junnuuuruu
880 4097 968 4145 nicrr
984 4080 1141 4144 Anseris.

223 4194 264 4287 In
278 4224 342 4288 Dei
358 4223 496 4299 nornine,
510 4223 625 4285 Amen.
669 4221 747 4303 Ego,
762 4219 860 4282 frater
874 4219 897 4283 J
898 4218 1041 4282 ohannes
1063 4217 1104 4281 dc
1127 4217 1317 4299 Riohmond‚

178 4323 300 4388 electus
323 4322 357 4384 in
372 4321 532 4385 Abbatem
554 4318 668 4382 Mou’ii
684 4319 724 4383 de
739 4318 897 4400 Whiteby
912 4323 945 4381 et
967 4324 1179 4393 consecratus,
1194 4318 1234 4382 ab
1258 4320 1317 4385 hac

179 4425 257 4490 hora
281 4423 315 4486 in
340 4427 435 4484 antea
460 4419 565 4483 fidelis
591 4439 643 4483 ero
666 4426 699 4482 et
721 4418 873 4482 obediens
893 4417 1045 4481 Ecclesiae
1070 4416 1255 4487 cathedrali
1282 4421 1316 4486 B.
1409 4465 1411 4469 «
