2918 4980
299 462 569 514 CARTULARIUM
588 463 791 515 ABBATHIAE
810 465 859 515 Du
876 463 1063 514 WHI'I'EBY.
1190 451 1247 509 381

107 620 208 686 iidem
243 624 355 689 Abbas
393 633 426 690 et
463 628 651 692 Conventus
688 629 773 712 parti
809 628 905 710 hujus
939 629 1120 692 indenturae
1150 644 1250 710 penas

105 720 232 786 dictum
264 724 444 789 Walterum
475 726 630 789 residenti
657 727 800 809 sigillum
827 747 997 790 commune
1025 725 1171 809 Capituli
1198 723 1250 787 sui

107 831 337 903 apposuerunt,
359 824 500 887 acidam
521 825 685 888 Walterus
706 825 791 908 parti
809 845 908 908 penes
924 825 1052 889 eosdem
1073 823 1251 906 Religiosos

108 923 289 985 remanenti
305 924 449 1007 sigillum
465 944 561 986 suum
576 925 734 1008 apposuit.

571 1133 790 1200 CCCCXXV.

154 1281 399 1347 Memorandum
414 1284 454 1347 de
469 1283 625 1348 descensu
647 1292 738 1349 terrae
754 1286 794 1348 de
810 1285 999 1368 Uplithome
1015 1284 1097 1347 datae
1120 1284 1249 1347 Monos-

109 1381 191 1444 terio
216 1381 256 1445 de
280 1382 444 1466 Wbiteby.
498 1384 549 1448 De
576 1384 699 1468 Rogero
725 1384 765 1447 de
790 1385 998 1467 Argentona,¹
1024 1383 1092 1446 filio
1117 1389 1150 1447 et
1175 1382 1249 1446 haer.

109 1479 269 1543 Willelmi
284 1481 324 1544 de
338 1483 533 1565 Argentoua,
550 1482 762 1546 descendebat
778 1482 833 1566 jus
848 1489 881 1546 et
896 1482 1065 1546 haereditas
1079 1481 1168 1544 illius
1184 1481 1250 1544 t’rae

109 1579 213 1642 tribus
223 1579 349 1643 filiabus
362 1581 485 1663 Rogeri,
498 1581 740 1665 scil-Agneti,
749 1581 901 1658 Asmotoe,
913 1589 946 1645 et
957 1580 1108 1644 Elisabet.
1141 1579 1250 1642 Prima

109 1678 218 1760 Agnes
234 1679 425 1761 desponsata
440 1687 508 1742 erat
522 1680 663 1743 Domino
682 1679 834 1763 Philippo
849 1680 916 1743 filio
930 1680 1063 1756 Arnisii,
1078 1680 1117 1743 de
1133 1679 1250 1762 quibus

110 1777 192 1839 exiit
212 1776 346 1840 Juliana
367 1778 407 1841 de
429 1779 594 1843 Fontibus.
640 1779 796 1855 Secunda,
811 1781 955 1855 Asmota,
970 1779 1161 1861 desponsata
1183 1782 1251 1840 erat

110 1874 244 1939 Alberto
259 1876 298 1940 de
315 1877 517 1954 Crawcestre‚
533 1878 572 1941 de
588 1879 705 1961 quibus
721 1880 869 1942 exierunt
882 1879 940 1942 lvo
956 1886 989 1942 et
1000 1878 1022 1942 J
1024 1877 1179 1960 acob[us],
1192 1877 1250 1958 qui

110 1974 259 2038 obierunt
273 1976 342 2040 aine
361 1976 486 2040 haerede
502 1978 541 2040 de
556 1998 598 2042 sc.
643 1978 789 2041 Elisabet
810 1978 1002 2061 desponsata
1024 1984 1091 2040 erat
1106 1975 1249 2038 Walterc

110 2072 150 2137 de
166 2074 352 2150 Karletona,
363 2075 403 2139 de
418 2076 536 2158 quibus
551 2077 700 2141 exierunt
716 2076 908 2153 Willelmus,
919 2076 1071 2152 Elisabet‚
1083 2081 1115 2139 et
1130 2076 1250 2157 Agnes,

110 2173 168 2255 qui
183 2174 332 2238 obierunt
346 2175 414 2239 sine
430 2175 563 2241 haerede.

436 2387 673 2452 ccccxxvi.
697 2389 929 2452 Hmnnnwnm.

24 2571 26 2575 ·
153 2539 225 2618 (35)
252 2538 411 2601 Omnibus
438 2538 502 2601 Dei
527 2537 676 2602 fidelibus
702 2538 888 2602 Willelmus
914 2537 1075 2601 Wirsald’2
1102 2539 1249 2602 salutem.

110 2637 225 2700 Sciatis
248 2657 299 2700 me
322 2637 401 2713 ded,
424 2638 617 2702 concedente
639 2639 706 2701 filio
729 2659 799 2702 meo
818 2638 991 2713 Willelmo,
1008 2658 1066 2721 pro
1088 2657 1112 2701 s.
1133 2638 1249 2700 animae

109 2755 189 2799 meae
211 2743 244 2798 et
266 2757 323 2819 pro
346 2735 523 2800 salvatione
541 2738 685 2799 omnium
702 2737 846 2799 d’norum
869 2757 1012 2800 meorum
1027 2744 1060 2799 et
1074 2737 1249 2799 amicorum

109 2855 263 2911 meorum,
279 2856 375 2899 unam
395 2837 561 2899 dimidiam
584 2844 765 2901 carucatam
788 2837 854 2899 t'rae
876 2857 950 2899 cum
972 2837 1053 2898 tosto
1068 2835 1103 2897 in
1119 2834 1249 2898 Hilder-

109 2934 210 3011 welle,
221 2936 268 2998 ita
282 2934 337 2998 lib.
350 2936 457 3019 etqui.
469 2935 509 2999 de
524 2936 674 2999 omnibus
686 2936 905 2999 occasionibus
920 2936 1004 2999 sicut
1019 2955 1077 3017 ego
1092 2935 1250 3011 tenebam,

109 3033 227 3097 Decet
244 3034 273 3097 S.
291 3035 385 3096 Petro
408 3041 440 3097 et
463 3034 614 3098 fratribus
630 3035 669 3097 de
685 3034 842 3116 Wbiteby
857 3035 892 3096 in
914 3032 1138 3110 elemosinam3
1161 3040 1194 3096 et
1209 3033 1248 3096 de

108 3132 167 3196 illa
181 3140 264 3197 terra
278 3134 368 3216 prius
391 3133 518 3196 seisiavi
541 3133 683 3196 Priorem
700 3133 879 3196 Walterum
902 3153 959 3216 per
980 3153 1080 3194 unum
1098 3131 1248 3195 baculum

109 3232 145 3295 in
159 3231 369 3296 Hilderwelle
383 3252 488 3295 coram
505 3231 617 3295 multis
633 3232 779 3308 testibus,
795 3236 915 3316 etpost
930 3252 987 3315 ego
1002 3238 1035 3294 et
1050 3231 1136 3294 filius
1159 3250 1249 3293 meus

109 3331 293 3395 Willelmus
317 3331 493 3414 optulimus
520 3331 611 3394 illam
633 3331 725 3394 t’ram
751 3352 807 3414 per
832 3352 935 3394 unum
958 3329 1127 3394 cultellum
1153 3351 1249 3413 super

109 3430 208 3494 altare
231 3430 261 3494 S.
278 3431 365 3493 Petri
387 3431 421 3494 in
437 3430 601 3513 Wbiteby,
617 3438 649 3494 et
671 3437 744 3513 post
766 3431 960 3494 oblationem
981 3430 1128 3494 dedimus
1150 3429 1249 3494 male·

110 3530 283 3594 dictionem
295 3530 358 3600 Dei
370 3537 403 3594 et
413 3537 556 3592 nostrum
572 3530 721 3592 omnibus
737 3529 799 3592 hiis
815 3530 872 3612 qui
888 3529 1039 3593 Ecclesiae
1050 3541 1083 3592 et
1094 3529 1247 3593 fratribus

109 3627 149 3692 de
164 3627 221 3691 illa
235 3635 319 3692 terra
330 3628 480 3710 injuriam
492 3636 525 3690 et
537 3628 721 3691 violentiam
738 3628 886 3692 facerent.
925 3627 1033 3711 Hujus
1049 3628 1249 3692 donationis⁸

109 3734 187 3792 sunt
201 3735 299 3791 testes
314 3727 362 3789 hii
371 3726 485 3791 :—Ulf
498 3727 659 3791 Pnesbiter
673 3735 707 3790 et
721 3726 786 3791 alii.

551 3938 807 4003 ccccxxvii

152 4089 275 4153 Notum
290 4088 333 4152 sit
348 4108 430 4151 omn.
444 4088 506 4151 vid.
523 4095 556 4152 et
570 4088 641 4152 aud.
658 4088 715 4151 has
730 4087 853 4153 litteras
869 4089 954 4171 quod
970 4109 1036 4173 ego,
1052 4091 1246 4155 Benedictus

107 4188 227 4264 Abbas‚
249 4188 412 4252 communi
435 4208 567 4251 assensu
594 4187 737 4270 Capituli
760 4188 798 4250 de
824 4188 989 4271 Wbiteby,
1005 4188 1079 4252 dedi
1103 4198 1135 4252 et
1159 4210 1247 4255 conc.

145 4339 154 4372 ¹
172 4340 220 4392 See
232 4346 295 4391 note
308 4346 336 4392 to
350 4340 391 4402 71,
405 4357 429 4407 p.
447 4342 488 4392 65,

144 4424 155 4456 ²
172 4425 221 4476 See
233 4424 282 4476 No.
301 4427 321 4484 l,
337 4441 361 4490 p.
376 4425 401 4485 7,
414 4423 468 4475 and
480 4423 529 4473 No.
548 4426 606 4482 100,
621 4423 673 4473 and
685 4423 731 4473 the
744 4428 812 4475 note.
1109 4422 1120 4457 ³
1137 4426 1211 4478 (loiri.
