2918 4980
279 480 552 534 CAR'I'ULARIUM
572 480 775 532 ABBATHIAE
794 481 843 532 DE
861 481 1047 533 WHITEBY.
1172 472 1230 530 481

95 647 193 710 fuerit
208 652 241 710 et
255 667 389 722 annexa,
401 653 434 709 et
453 645 569 709 Custos
585 653 618 709 et
632 645 745 709 vicarii
762 646 885 709 fructus
901 646 1000 730 ejusd.
1017 647 1090 711 eccl
1106 647 1237 729 pacifice

96 745 307 828 perceperint,
322 743 363 807 ad
379 745 400 808 f.
417 744 447 807 S.
465 743 601 807 Martini
616 743 650 806 in
664 764 757 826 yeme
779 742 915 827 singulis
938 744 1032 808 annis
1054 744 1236 828 persolvent

95 843 182 926 apud
204 844 308 919 Ebor„
323 864 379 927 per
394 843 496 907 nostri
519 843 672 926 praecepti
694 844 806 907 s'mam
829 843 1102 926 condempnemus
1122 844 1156 907 in
1171 844 1235 908 hiis

95 942 234 1026 seriptis.
280 943 320 1005 In
343 963 480 1025 quorum
503 943 649 1006 omnium
675 949 747 1007 test.
770 943 827 1025 sig.
850 950 996 1006 nostrum
1023 944 1235 1026 praesentibus

94 1042 310 1125 apposuimus.
355 1042 478 1106 Datum
494 1041 598 1125 quoad
614 1041 841 1124 appensionem
857 1043 912 1125 sig.
928 1042 1030 1105 nostri
1045 1042 1167 1107 decimo
1183 1042 1235 1106 die

95 1141 215 1205 mensis
230 1141 253 1205 J
256 1141 325 1204 unii
341 1140 421 1205 ΑΙ).
438 1141 629 1224 supradicto.

580 1375 751 1438 DXLVII.

142 1511 276 1577 Constet
305 1513 455 1577 omnibus
485 1513 655 1577 manifeste
685 1513 770 1596 quod
801 1514 936 1578 eeclesia
962 1513 1001 1579 de
1032 1515 1235 1599 Skirpenbek

96 1611 218 1677 Abbati
245 1618 278 1677 et
304 1612 405 1678 Conv.
429 1613 469 1676 de
494 1613 632 1696 Whitby
659 1618 709 1676 est
738 1621 869 1676 onerata
895 1614 930 1676 in
959 1614 1099 1697 quadam
1129 1635 1237 1678 annua

96 1712 253 1797 pensione
277 1712 374 1776 unius
398 1732 513 1776 marcae
540 1712 674 1796 argenti,
697 1719 730 1776 et
755 1711 789 1774 in
815 1713 1016 1796 possessione
1039 1714 1237 1797 percipiendi

97 1811 233 1875 eandem
257 1811 422 1895 recognita
444 1832 501 1895 per
526 1811 688 1895 quendam
710 1811 892 1876 Walterum
919 1812 960 1876 de
983 1813 1236 1897 Bridelingtona,

96 1917 175 1974 tuno
192 1911 361 1975 Rectorem
376 1910 529 1994 ejusdem,
545 1931 602 1993 per
616 1911 870 1974 instrumentum
886 1911 1060 1995 publicum.

143 2034 250 2098 Simili
273 2035 367 2098 modo
388 2035 534 2100 Ecclesia
549 2035 588 2099 de
611 2034 808 2118 Slengeseby
824 2041 872 2099 est
895 2042 1026 2100 onerata
1040 2037 1075 2100 in
1097 2038 1236 2120 quadam

97 2154 207 2197 annua
243 2135 398 2218 pensione
437 2135 532 2198 unius
569 2155 685 2198 marcas
722 2134 847 2218 argenti
890 2155 948 2218 per
983 2135 1238 2201 instrumentum

97 2233 265 2317 publicum
291 2254 349 2317 per
372 2254 487 2298 manus
514 2235 664 2319 Magistri
686 2234 839 2299 Nicholai
866 2234 905 2299 de
926 2236 1051 2318 Feriby,
1073 2237 1236 2319 quondam

98 2333 244 2397 Rectoris
260 2334 413 2416 ejusdem,
423 2341 456 2397 et
467 2354 523 2417 per
533 2334 696 2417 quendam
706 2334 861 2397 Thomam
875 2334 914 2397 de
926 2335 1056 2418 Riseby,
1069 2336 1236 2401 Rectorem

99 2431 246 2516 ejusdem
260 2433 410 2498 eeclesia.

143 2557 227 2621 Item
253 2557 358 2640 portio
381 2557 532 2641 Magistri
557 2556 717 2621 Johannis
733 2556 773 2620 de
789 2556 948 2633 Clifforth,
973 2558 1118 2622 Rectoris
1141 2559 1238 2623 unius

98 2656 255 2740 portionis
267 2656 341 2720 eccl
354 2656 394 2720 de
405 2656 518 2720 Hoton
531 2655 666 2732 Bussell,
678 2663 728 2719 est
742 2656 945 2739 pensionaria
957 2657 1053 2721 dictis
1069 2658 1238 2741 Religiosis

98 2756 134 2818 in
151 2776 195 2817 xx
212 2755 266 2819 sol.
278 2756 411 2837 argenti,
420 2755 455 2817 in
468 2776 533 2838 qua
545 2754 677 2837 quidem
689 2755 842 2838 pensione
854 2756 965 2819 extitit
975 2756 1239 2840 condempnatus,

99 2861 138 2918 ut
152 2860 243 2938 patet
258 2874 315 2937 per
329 2853 582 2937 instrumentum
597 2854 765 2936 publicum
780 2854 857 2918 inde
872 2855 1062 2918 confectum.

145 2980 231 3044 Item
245 2979 346 3044 altera
361 2980 466 3064 portio
482 2978 626 3063 ejusdem
643 2978 793 3043 ecclesiae.

145 3104 230 3168 Item
249 3104 361 3188 pensio
377 3124 484 3168 annua
499 3103 644 3168 dimidiae
659 3105 778 3168 markae
800 3105 840 3168 de
855 3104 930 3169 eccl.
945 3104 986 3168 de
1002 3106 1120 3169 Sutton
1144 3126 1240 3189 super

100 3204 264 3281 Derwent,
280 3203 375 3268 dictis
396 3204 567 3289 Religiosis
582 3204 698 3281 debita,
714 3211 764 3268 est
787 3211 974 3287 recuperata
994 3226 1051 3288 per
1069 3205 1239 3289 judicium,

101 3308 139 3366 ut
153 3309 244 3388 patet
258 3304 293 3366 in
309 3304 405 3368 tertio
420 3303 497 3367 lolio
512 3304 611 3386 hujus
626 3303 701 3366 libri
716 3303 808 3367 inira.

176 3564 367 3630 DXLVIII.
391 3565 484 3648 (144)
507 3565 769 3628 Anvocnrrornu
786 3581 950 3629 roonrsrra
966 3581 1008 3628 on
1024 3566 1161 3630 Sorron.

147 3725 227 3790 Haeo
243 3725 425 3803 indentura,
435 3727 521 3791 laeta
536 3726 620 3790 inter
635 3727 813 3811 Religiosos
825 3728 919 3805 viros,
931 3728 1092 3791 Abbatem
1109 3734 1142 3792 et
1157 3728 1240 3793 Con-

103 3831 238 3889 ventum
252 3825 291 3890 de
303 3826 468 3909 Whiteby,
480 3847 520 3890 ex
536 3835 623 3910 parte
635 3847 710 3903 una,
722 3835 755 3891 et
769 3829 791 3891 J
794 3827 954 3891 ohannem
965 3827 1070 3890 filium
1082 3828 1240 3892 Willelmi

102 3925 143 3988 de
168 3925 338 4007 Moubray,
361 3946 400 3989 ex
427 3925 535 4001 altera,
562 3931 700 3990 testatur
723 3925 811 4009 quod
836 3926 916 3991 dicti
938 3927 1049 3990 Abbas
1074 3935 1107 3991 et
1131 3927 1241 4005 Conv,

103 4024 252 4087 unanimi
273 4045 406 4088 assensu
429 4032 462 4088 et
485 4045 652 4103 consensu,
667 4046 724 4109 pro
747 4026 959 4110 quadragInta
981 4027 1096 4091 marcis
1119 4028 1240 4092 eisdem

103 4144 161 4208 per
175 4123 299 4187 dIctum
315 4122 338 4186 J
339 4123 499 4187 ohannem
514 4124 549 4186 in
562 4124 703 4186 maxima
714 4125 914 4201 necessitate,
926 4131 959 4189 et
973 4146 1031 4208 pro
1047 4125 1241 4191 relevatione

104 4221 200 4285 diotae
214 4222 329 4286 domus
345 4243 420 4298 suae,
435 4242 501 4304 prae
519 4223 669 4286 manibus
684 4223 864 4305 persolutis,
876 4232 1104 4288 concesserunt
1119 4232 1152 4288 et
1167 4232 1252 4289 con-'

104 4321 314 4385 firmaverunt
342 4322 475 4406 praefato
505 4322 649 4386 Johanni
681 4324 923 4415 advocationem
950 4323 1024 4388 eccl.
1053 4324 1092 4388 de
1123 4324 1241 4390 Sutton

104 4441 201 4505 super
226 4421 391 4498 Derwent,
416 4442 491 4485 cum
516 4422 790 4505 pert.—Habend.
816 4430 848 4487 et
872 4430 935 4488 ten,
960 4424 1064 4488 eidem
1088 4424 1111 4488 J
1113 4423 1241 4505 ohanni,
