2918 4980
344 487 616 545 cerULARIUM
633 493 837 546 ABBATHIAE
853 495 903 546 nn
917 495 1102 547 WHITEBY.
1236 484 1297 544 497

158 656 315 720 Omnium
338 655 529 721 Sanctorum
551 657 592 722 de
614 639 826 741 Fislreregate,
841 679 915 723 curu
937 667 1016 743 pert.
1035 659 1112 736 suis,
1134 666 1167 724 et
1190 679 1301 724 omnes

155 755 233 819 t'ras
249 761 282 819 et
293 755 440 820 homines
455 756 490 819 in
503 756 614 821 eadem
630 757 761 821 civitate
776 757 927 822 Ecclesiae
944 758 973 823 S.
986 759 1075 822 Petri
1091 764 1123 823 et
1138 758 1168 823 S.
1183 758 1301 842 Hyldae

157 855 367 938 pertinentes,
382 875 457 919 curn
472 876 548 920 soca
562 864 596 919 et
610 876 692 932 saca,
708 862 741 920 et
750 855 797 920 tol
808 866 841 920 et
853 857 972 935 theam,
984 864 1016 922 et
1030 857 1301 942 infangenetheof,

157 960 191 1016 et
207 973 281 1017 cum
298 955 447 1017 omnibus
463 954 566 1018 libert.
583 960 616 1018 et
631 963 772 1019 consuet.
789 976 869 1039 quas
887 955 1009 1020 habent
1025 956 1091 1020 t'rae
1107 963 1140 1020 et
1154 956 1300 1020 homines

157 1053 189 1115 S.
206 1053 296 1116 Petri
310 1061 343 1117 et
358 1054 389 1118 S.
405 1052 562 1118 Oudberti
576 1054 612 1117 in
627 1053 739 1118 eadem
750 1055 882 1119 civit-ate
894 1056 1115 1120 consistentes,
1154 1054 1300 1120 Concedo

157 1152 258 1214 etiam
273 1157 307 1215 et
322 1151 404 1216 conf.
420 1152 515 1235 praed.
531 1151 684 1217 Ecclesiae
698 1153 738 1216 do
754 1152 897 1236 Witeby,
908 1162 942 1217 et
952 1154 1075 1218 Abbati
1091 1159 1123 1218 et
1134 1152 1300 1217 monachis

156 1248 250 1314 illius
269 1249 341 1326 loci,
356 1256 393 1314 ut
408 1250 549 1315 habeant
564 1257 597 1315 et
610 1250 796 1334 possideant
812 1251 847 1313 in
869 1251 1048 1314 dominium
1072 1272 1167 1315 suum
1189 1271 1299 1314 omnes

162 1349 249 1425 t’ras,
264 1349 411 1427 forestas,
420 1370 552 1414 nemora
574 1354 607 1413 et
629 1357 776 1432 pasturas
799 1350 893 1414 terris
915 1351 1066 1414 Abbatiae
1088 1371 1156 1414 suae
1178 1350 1298 1434 pertin-

159 1456 261 1524 entes,
290 1448 338 1513 ita
366 1448 475 1526 libere,
505 1449 623 1532 quiete,
652 1448 759 1531 plene,
788 1455 821 1513 et
849 1449 1033 1528 honorifice,
1064 1458 1101 1514 ut
1130 1450 1241 1513 nullus
1260 1449 1299 1512 de

159 1547 319 1612 ministris
341 1549 460 1612 nostris
482 1547 679 1612 intromittat
700 1568 735 1612 se
750 1548 790 1612 de
813 1549 1007 1625 nemoribus,
1022 1570 1081 1613 nec
1104 1548 1143 1613 de
1158 1549 1298 1631 pasturis

158 1646 313 1711 Ecclesiae
339 1647 369 1712 S.
393 1647 490 1723 Petri,
513 1652 546 1711 et
567 1647 690 1710 Abbati
716 1655 749 1711 et
779 1649 945 1713 monachis
968 1649 1214 1732 pertinentibus,
1239 1668 1299 1712 nec

157 1744 329 1830 prohibeat
343 1766 396 1810 eos
412 1746 516 1811 facere
531 1746 710 1830 proficuum
732 1767 828 1811 suum
850 1748 890 1811 de
913 1747 1096 1812 nemoribus
1112 1752 1145 1810 et
1159 1747 1298 1830 pasturis

158 1864 278 1908 eorum
323 1845 367 1909 Et
392 1845 533 1910 habeant
561 1846 662 1911 libere
688 1846 870 1911 forestarios
897 1854 930 1910 et
957 1847 1122 1909 ministros
1148 1864 1232 1920 suos,
1257 1845 1298 1907 ad

158 1963 291 2008 nemora
313 1963 373 2008 sua
395 1950 427 2008 et
453 1951 599 2028 pasturas
630 1966 704 2009 suas
730 1945 965 2010 custodiendas.
1010 1947 1053 2008 Et
1079 1944 1231 2028 prohibeo
1257 1964 1298 2007 ne

158 2041 280 2125 aliquis
302 2042 386 2107 inira
409 2052 511 2108 metas
538 2050 570 2107 et
596 2044 716 2109 divisas
740 2045 901 2128 praedictae
927 2043 1025 2120 Eccl.‚
1047 2051 1079 2107 et
1101 2043 1240 2107 Abbatis
1267 2048 1299 2106 et

158 2139 398 2217 monachorum,
413 2161 583 2206 commune
597 2141 716 2207 haheat
732 2144 768 2206 in
784 2143 967 2207 nemoribus
983 2148 1015 2207 et
1029 2143 1169 2226 pasturis
1180 2162 1299 2218 eorum,

159 2239 223 2303 nisi
238 2259 295 2322 per
308 2238 473 2303 licentiam
489 2261 607 2305 eorum.
653 2241 799 2306 Concedo
815 2241 912 2305 etiam
929 2247 961 2305 et
972 2241 1123 2305 confirmo
1138 2239 1299 2323 praedictae

158 2337 243 2401 Eccl.
261 2358 371 2402 omnes
392 2339 589 2416 donationes,
605 2345 637 2403 et
652 2339 754 2403 libert.
771 2346 804 2402 et
822 2346 974 2416 consuet,
989 2339 1097 2423 qua[s]
1113 2337 1298 2401 Willelmus

158 2437 239 2513 Rex,
255 2457 392 2520 proavus
414 2458 514 2515 meus,
529 2445 562 2503 et
576 2439 762 2503 Willelmus
784 2440 864 2516 Rex,
879 2439 966 2503 filius
988 2440 1067 2523 ejus,
1082 2444 1115 2502 et
1136 2437 1298 2501 Henricus

159 2536 238 2612 Rex,
260 2557 340 2602 avus
363 2557 464 2614 meus,
486 2538 547 2602 eid.
570 2538 655 2603 Eccl.
679 2538 844 2615 dederunt,
867 2544 900 2602 et
922 2538 1019 2603 cartis
1041 2538 1108 2601 suis
1131 2536 1298 2601 confirma-

159 2640 283 2699 verunt.
321 2636 443 2701 Omnes
459 2657 534 2701 vero
552 2637 741 2702 donationes
757 2637 915 2701 Willelmi
938 2636 979 2701 de
994 2638 1104 2720 Percy,
1118 2635 1299 2700 fundatoris

158 2733 255 2817 praed.
281 2734 440 2810 Abbatiae,
466 2741 499 2799 et
526 2735 624 2798 Alani
649 2734 689 2799 do
712 2736 812 2818 Percy
836 2735 894 2799 filii
921 2736 1001 2819 ejus,
1023 2740 1056 2798 et
1077 2733 1236 2797 Willelmi
1258 2733 1298 2798 de

160 2832 271 2916 Percy,
287 2831 347 2896 tilii
362 2831 470 2908 Alani,
482 2842 515 2896 et
529 2833 667 2896 aliorum
682 2833 911 2897 advocatorum
926 2854 1065 2909 suorum,
1077 2834 1163 2897 unde
1178 2833 1299 2898 habent

159 2935 262 2994 cartas
277 2950 397 3006 eorum,
412 2937 445 2994 et
461 2930 540 2994 duas
556 2938 720 2995 carucatas
738 2930 804 2995 t'rae
819 2932 854 2994 in
871 2932 1049 3008 Heleness,
1064 2937 1097 2995 et
1112 2940 1250 3014 quatuor
1263 2933 1299 2994 in

159 3028 326 3105 Nordfeld,
348 3036 381 3094 et
403 3029 483 3093 duas
506 3030 541 3092 in
564 3031 820 3115 Briningastona,
835 3052 910 3095 cum
926 3037 1005 3114 pert.
1022 3031 1098 3107 suis,
1117 3030 1188 3094 sine
1210 3031 1298 3092 omni

158 3127 252 3212 geldo
279 3125 388 3210 (168b)
419 3129 557 3192 concedo
584 3130 640 3205 eis,
670 3136 702 3192 et
732 3130 884 3194 confirmo
913 3131 949 3193 in
980 3129 1070 3193 elem.
1102 3135 1297 3212 perpetuam.

160 3227 266 3304 Quare
281 3226 354 3290 volo
370 3235 403 3291 et
417 3228 567 3312 praecipio
591 3236 628 3292 ut
643 3229 724 3292 bene
747 3229 829 3292 etin
847 3250 934 3313 pace,
950 3236 982 3293 et
997 3227 1051 3291 lib.
1067 3233 1100 3292 et
1114 3227 1249 3290 honorif.
1266 3234 1299 3291 et

158 3327 268 3411 quiete
286 3333 419 3391 teneant
433 3328 582 3393 ecclesias
603 3336 636 3392 et
652 3329 792 3393 decimas
808 3338 841 3393 et
855 3330 931 3392 t’ras
953 3348 1036 3403 suas,
1051 3327 1086 3390 in
1105 3327 1199 3390 bosco
1215 3327 1296 3390 etin

159 3426 266 3510 plano,
292 3426 328 3489 in
356 3427 458 3511 pratis
489 3436 522 3491 et
551 3428 691 3511 pasturis
725 3434 757 3492 et
787 3428 980 3492 molendinis
1012 3434 1044 3491 et
1073 3426 1232 3502 marescis,
1262 3427 1297 3489 in
1323 3439 1326 3447 '

158 3525 291 3590 vivariis
314 3531 347 3589 et
369 3526 524 3609 piscariis,
547 3526 582 3588 in
605 3527 727 3609 stagnis
758 3533 791 3590 et
820 3525 970 3603 exclusis,
995 3527 1080 3588 infra
1101 3526 1238 3608 burgum
1265 3532 1298 3588 et

158 3632 259 3702 extra,
273 3624 309 3688 in
325 3625 401 3688 ioris
417 3632 451 3690 et
465 3626 563 3702 feriis,
578 3626 613 3689 iu
628 3627 759 3690 civitate
775 3632 808 3689 et
823 3635 921 3701 extra,
936 3626 970 3688 in
988 3625 1113 3688 forestis
1129 3630 1162 3688 et
1177 3623 1299 3700 divisis,

158 3725 194 3788 in
208 3724 364 3789 vaccariis
386 3734 420 3788 et
438 3725 660 3800 heremitoriis,
683 3725 717 3788 in
740 3725 864 3789 semitis
888 3731 920 3788 et
942 3725 1013 3798 viis,
1037 3729 1069 3787 et
1090 3723 1126 3786 in
1148 3724 1298 3788 omnibus

157 3824 238 3890 locis
253 3826 406 3902 atrebas,
421 3846 494 3889 oum
510 3825 660 3889 omnibus
675 3824 879 3889 libertatibus
903 3831 936 3888 et
954 3824 1207 3908 quietationibus
1223 3844 1297 3888 cum

158 3924 277 4006 quibus
292 3923 407 3988 melius
423 3931 455 3987 et
469 3923 604 3987 liberius
619 3929 794 3987 tenuerunt
808 3924 1008 4007 temporibus
1023 3922 1182 3986 Willelmi
1201 3923 1297 4008 Regis

158 4023 271 4108 proavi
293 4023 366 4098 mei,
387 4029 421 4086 et
437 4023 597 4087 Willelmi
619 4023 716 4107 Regis
737 4023 796 4086 filii
819 4024 897 4107 ejus,
913 4028 946 4088 et
968 4022 1103 4087 Henrici
1125 4022 1221 4106 Regis
1243 4022 1297 4085 avi

158 4122 231 4185 mei.
276 4120 371 4185 Teste
401 4121 536 4186 Ricardo
569 4121 739 4204 Archiep'o
766 4123 916 4187 Cantuar.
964 4120 1100 4185 Ricardo
1126 4121 1166 4185 de
1192 4121 1296 4185 Lusci.

158 4220 182 4285 J
183 4219 307 4285 ocelino
323 4219 361 4283 de
376 4221 527 4286 Luvaine.
574 4221 607 4283 N
608 4241 642 4284 os
658 4221 757 4304 igitur
771 4221 940 4305 praedictas
955 4221 1183 4295 concessiones,
1200 4219 1296 4282 dona·

158 4321 273 4394 tiones,
288 4326 321 4382 et
340 4319 503 4384 libertates
526 4328 632 4402 gratos
648 4328 681 4382 et
701 4326 786 4382 ratas
809 4319 964 4384 habemus
979 4341 1036 4404 pro
1052 4319 1144 4382 nobis
1167 4325 1200 4383 et
1222 4319 1295 4383 haer.

158 4417 286 4496 nostris,
307 4417 486 4503 ipsas[que]
509 4419 661 4502 praesenti
688 4440 712 4483 o.
740 4424 851 4482 nostra
876 4418 1029 4482 duximus
1055 4417 1297 4496 confirmandas,
