2918 4980
153 460 216 519 ⁴³8
331 472 601 526 ‹tnurutsswu
621 474 822 526 ABBATHIAE
841 475 890 525 DE
908 475 1096 527 Wlll‘l'EBl'.

472 662 651 728 CCCCXC.
676 665 759 727 Irim
777 680 820 727 nn
834 662 976 728 anm.¹

199 796 291 859 Orrrn
316 797 346 861 S.
373 798 490 863 Matris
511 799 595 863 Eccl.
619 800 704 876 filiis,
725 806 792 863 tam
815 820 1019 884 praequam
1042 799 1112 877 fut,
1134 799 1295 864 Robertus

155 894 197 957 iil.
221 894 380 959 Willelmi
402 896 442 961 de
463 898 634 976 Aiketona,
656 899 801 964 salutem.
848 899 964 963 Sciatis
986 919 1098 963 omnes
1119 898 1209 982 quod
1228 917 1296 982 ego,

158 992 314 1059 leoterius
340 995 381 1059 fil.
411 996 567 1062 Willclnri
593 999 633 1063 de
660 999 830 1075 Aikeiona,
855 999 980 1063 reddidi
1006 1006 1040 1063 ct
1065 996 1174 1081 optuli
1199 1016 1296 1080 super

156 1091 256 1157 altare
277 1094 317 1159 de
340 1095 473 1179 Witeby
496 1100 567 1179 (87)
590 1098 659 1161 Deo
682 1107 715 1162 et
730 1098 759 1161 S.
776 1098 872 1162 Petro
883 1105 916 1162 et
932 1099 961 1163 S.
977 1097 1097 1173 Hildae,
1111 1095 1296 1161 monachis·

156 1210 220 1275 que
241 1192 316 1257 ibid.
340 1194 411 1259 ilco
432 1215 520 1272 seru,
535 1196 646 1261 villam
668 1198 708 1261 de
729 1197 844 1281 Filing,
858 1218 933 1261 cum
955 1217 1039 1261 omn
1055 1203 1135 1280 pert
1151 1195 1221 1260 suis
1232 1218 1242 1275 ;
1262 1204 1296 1259 et

157 1291 310 1374 quicquid
329 1294 412 1377 juris
435 1294 469 1357 in
491 1296 601 1359 eadem
619 1285 702 1360 'villa
723 1296 856 1360 videbar
875 1296 993 1360 habere
1018 1316 1070 1379 qu
1094 1294 1235 1359 clamavi
1256 1293 1296 1358 de

158 1409 209 1453 me
231 1400 264 1454 ct
285 1392 325 1455 de
346 1392 420 1457 liu-r.
445 1395 525 1459 meis
548 1395 700 1459 Ecclesiae
722 1396 761 1459 de
783 1395 916 1479 Witcby
938 1395 974 1458 in
994 1415 1082 1478 perp.
1104 1399 1140 1458 et
1160 1392 1296 1457 liberam

157 1487 257 1566 elem,
279 1492 471 1557 concedente
497 1502 531 1557 et
556 1514 723 1558 assensum
749 1495 910 1577 praebente
934 1492 1100 1558 Willelmo
1125 1490 1194 1555 filio
1215 1510 1296 1554 meo.

160 1588 295 1672 Insuper
314 1611 388 1655 vero
406 1592 513 1675 juravi
536 1614 633 1677 super
653 1593 762 1671 altare,
784 1599 817 1657 et
831 1614 928 1677 super
949 1612 1060 1657 omnes
1078 1596 1296 1655 sacrosanctas

157 1686 308 1771 reliquias
331 1691 474 1774 ejusdem
499 1692 659 1769 Ecclesia,
684 1714 735 1757 me
761 1713 927 1776 nunquam
950 1689 1081 1774 aliquod
1102 1696 1227 1754 rectum
1248 1708 1297 1752 re·

158 1786 371 1853 clamaturum
390 1791 426 1853 in
441 1812 589 1875 praenam.
606 1813 633 1854 v.
650 1792 690 1856 de
711 1792 825 1875 Filing,
840 1812 944 1875 neque
959 1790 1101 1873 aliquem
1116 1808 1174 1872 per
1187 1808 1249 1865 ma,
1264 1794 1298 1851 et

159 1888 205 1951 ita
230 1890 412 1954 renuntiavi
434 1892 501 1974 juri
526 1912 597 1956 meo
619 1892 705 1975 quod
720 1892 852 1955 videbar
867 1891 985 1955 habere
999 1890 1034 1952 in
1049 1888 1107 1952 illa
1120 1887 1208 1951 villa
1253 1886 1297 1949 Et

158 1986 269 2053 Abbas
292 1989 458 2067 Ricardus,
473 2011 514 2054 ex
536 1991 691 2074 petitione
717 2012 798 2069 mea,
818 1991 894 2055 ibid.
918 2010 1023 2055 coram
1049 1988 1143 2052 altari
1169 2007 1296 2052 excom-

159 2088 338 2153 municavit
363 2110 473 2154 omnes
499 2091 556 2174 qui
581 2091 777 2155 antedictam
803 2091 916 2155 villam
946 2110 966 2153 a
994 2088 1156 2153 dominica
1185 2106 1297 2150 mensa

159 2186 311 2253 Ecclesiae
330 2190 550 2268 alienaverint,
572 2191 625 2255 vel
648 2191 825 2255 Ecclesiam
847 2191 886 2254 de
901 2189 1034 2271 Witeby
1057 2188 1177 2271 injuste
1199 2206 1296 2251 vexa·

160 2286 274 2363 verint,
285 2294 318 2351 et
328 2290 467 2353 maxime
479 2289 552 2354 haer.
565 2310 652 2354 meos
667 2290 695 2354 si
706 2310 850 2373 unquam
862 2296 973 2353 contra
983 2287 1044 2352 hoc
1054 2306 1164 2351 meum
1173 2285 1297 2349 factum

161 2388 428 2470 presumpserint.
474 2390 548 2453 Hiis
564 2390 708 2454 testibus.
755 2389 911 2455 Gaufrido
928 2386 1117 2452 Sacerdote:
1139 2390 1173 2449 et
1186 2384 1267 2448 aliis.

246 2570 443 2637 ccccxci.
471 2574 647 2638 Rossnres
662 2591 706 2637 on
721 2574 930 2639 S1cnnremn’
947 2588 990 2636 nn
1005 2571 1216 2636 Svrnrmmo.

205 2706 363 2772 Omnibus
388 2708 448 2775 hoc
474 2732 531 2775 scr.
558 2712 615 2776 vis.
641 2712 694 2776 vel
720 2711 801 2789 aud,
822 2710 1008 2775 Willehnus
1033 2707 1076 2771 fil
1100 2705 1233 2770 Roberti
1258 2705 1299 2769 de

162 2804 355 2889 Siclinghal',
373 2809 517 2874 salutem.
555 2812 691 2875 Noverit
708 2813 794 2874 univ.
811 2816 918 2874 vestra
932 2829 993 2886 me,
1007 2828 1065 2892 pro
1080 2827 1103 2871 s.
1119 2826 1145 2869 a
1161 2824 1251 2882 meae,
1265 2811 1300 2868 ct

161 2912 396 2972 antecessorum
412 2930 564 2986 meorum,
579 2910 657 2986 ded,
673 2932 768 2987 conc,
784 2919 817 2975 et
832 2910 891 2974 hac
903 2930 947 2993 pr.
960 2929 985 2972 o.
997 2928 1071 2971 mea
1081 2906 1163 2970 coni.
1180 2904 1250 2967 Deo
1266 2911 1299 2967 et

162 3006 245 3070 Eccl.
263 3008 292 3071 S.
309 3008 396 3071 Petri
413 3016 445 3073 et
460 3011 489 3074 S.
507 3010 617 3074 Hildae
632 3009 671 3074 de
685 3011 828 3093 Witeby,
843 3016 875 3074 ct
890 3010 1014 3091 Rogero
1029 3004 1151 3070 Abbati
1164 3010 1200 3068 et
1213 3023 1297 3067 mon.

163 3106 237 3169 ibid.
254 3107 323 3170 Deo
339 3128 427 3184 seru,
443 3130 541 3172 unam
557 3130 695 3173 marcam
712 3130 852 3173 annuam
868 3128 966 3192 quarn
981 3106 1141 3189 percipere
1157 3101 1299 3167 solebam

163 3205 203 3268 ab
218 3207 338 3270 eisdem
354 3208 481 3272 Abbate
496 3215 529 3272 et
544 3230 626 3271 mon.
643 3230 699 3291 pro
716 3210 794 3272 villa
809 3210 848 3273 de
863 3208 979 3291 Filing,
994 3225 1092 3288 quam
1114 3201 1246 3286 quidem
1269 3221 1297 3264 v.

164 3327 221 3388 ego
231 3307 392 3371 decaetero
402 3309 539 3372 concedo
549 3309 594 3373 eis
606 3318 639 3373 et
650 3310 801 3373 confirmo
813 3309 847 3371 in
859 3329 937 3390 pur,
948 3306 1012 3381 lib,
1024 3309 1056 3368 et
1065 3322 1151 3387 perp.
1164 3300 1299 3365 elem.—

164 3406 234 3487 (89)
258 3407 310 3469 Ita
335 3406 465 3488 quidem
488 3407 574 3489 quod
596 3408 694 3471 michi
716 3414 749 3472 et
769 3408 841 3471 haar.
865 3408 944 3471 meis
967 3403 1067 3468 nichil
1088 3402 1210 3466 retineo
1235 3399 1300 3464 nisi

165 3503 258 3567 dietae
272 3505 484 3569 concessionis
500 3506 723 3581 defensionem.
758 3508 801 3569 Et
811 3508 845 3570 in
857 3506 954 3588 hujus
969 3504 1015 3567 rei
1030 3507 1101 3566 test.
1117 3520 1163 3583 pr.
1180 3498 1299 3583 scripto

165 3602 219 3685 sig.
251 3624 358 3666 meum
388 3605 529 3687 apposui.
586 3605 661 3668 Hiis
690 3607 835 3670 testibus.
892 3603 1049 3688 Magistro
1079 3602 1102 3665 J
1104 3600 1230 3664 ohanne
1259 3597 1299 3661 de

165 3701 197 3762 N
199 3722 330 3777 euwerc,
351 3707 429 3767 tunc
453 3703 589 3767 Officiali
613 3704 802 3768 Cleveland'.
847 3703 1004 3786 Magistro
1023 3700 1161 3784 Hugone
1181 3698 1222 3762 de
1237 3696 1299 3762 Sil·

164 3808 247 3863 tona.
294 3801 449 3883 Magistro
464 3802 585 3866 Thema
600 3803 639 3867 de
654 3804 848 3888 Tunebrige:
871 3810 903 3867 et
918 3801 997 3865 aliis.

625 3989 842 4054 OCCOXCII.

210 4125 367 4190 Omnibus
397 4123 454 4186 has
483 4123 545 4185 litt.
572 4125 629 4188 vis.
658 4125 708 4190 vel
739 4125 819 4203 aud,
847 4123 1001 4188 Ricardus
1030 4121 1073 4187 fil
1101 4118 1230 4184 Richeri
1259 4118 1300 4182 de

166 4222 322 4309 Filynge,²
352 4223 495 4287 salutem.
556 4223 718 4289 Noveritis
755 4247 807 4289 me
837 4225 962 4288 dedisse
992 4229 1025 4287 et
1054 4242 1106 4304 qu
1137 4218 1175 4283 cl
1206 4218 1296 4281 illam

167 4328 309 4412 placeam
332 4344 428 4406 quarn
449 4322 613 4388 iohannes
634 4326 743 4389 Abbas
766 4333 799 4389 ct
822 4326 920 4389 Conv.
945 4323 985 4387 de
1000 4320 1157 4402 eriteby
1173 4337 1299 4382 conces-

202 4452 211 4487 ¹
231 4450 389 4520 Essentially
403 4450 448 4501 the
461 4469 532 4507 same
545 4469 573 4503 as
587 4451 635 4504 No.
649 4453 692 4503 49.
958 4446 969 4480 ²
986 4448 1035 4501 Sos
1047 4446 1111 4498 Nos.
1128 4445 1185 4504 165,
1206 4443 1263 4500 167.
