2918 4980
297 567 569 621 CABTULARIUM
588 569 792 622 ABBATHIAE
810 571 859 622 DE
878 570 1066 623 WHITEBY.
1185 557 1246 616 633

107 730 191 794 illud
221 731 435 816 infringentes
457 754 515 818 per
535 735 744 818 praesidentes
770 737 805 799 in
832 735 984 820 Capitulo
1013 735 1122 800 debite
1151 733 1248 822 corri-

108 837 234 914 gantur.
279 833 365 897 Item
391 834 468 916 quia
497 833 630 898 domum
654 840 795 899 vestram
822 856 883 900 ecre
910 834 1015 900 alieno
1036 834 1177 919 graviter
1197 832 1247 895 in-

109 929 260 995 venimus
297 937 471 1009 oneratam,
505 933 700 1010 ordinemus,
733 932 885 998 volumus
921 940 955 998 et
991 933 1165 998 statuimus
1202 949 1248 1005 ac,

109 1029 309 1110 praecedente
331 1050 436 1094 causae
458 1031 641 1116 cognitione
656 1053 729 1116 quae
751 1033 786 1096 in
808 1033 869 1097 hoc
892 1033 1045 1098 canonice
1065 1029 1248 1115 requiritur,

107 1127 318 1207 decernimus,
334 1129 422 1213 quod
447 1150 514 1208 vos,
535 1131 646 1196 Abbas
669 1140 703 1196 et
726 1131 924 1209 Conventus,
940 1132 980 1196 de
1002 1137 1116 1196 caetero
1138 1128 1248 1191 vivere

108 1228 275 1306 studeatis,
291 1234 323 1293 et
338 1230 467 1306 vivatis,
482 1236 551 1294 tarn
566 1231 601 1295 in
616 1232 791 1297 esculentis
812 1240 845 1297 et
866 1231 1048 1317 poculentis
1062 1229 1189 1304 vestris,
1210 1246 1247 1290 ac

108 1329 404 1411 supervenientium
420 1350 494 1394 cum
509 1331 674 1395 moderata
695 1332 828 1408 familia,
845 1352 943 1415 quam
958 1332 993 1395 in
1008 1330 1082 1396 aliis
1097 1325 1247 1412 expensis

108 1427 284 1505 forinsecis,
300 1449 373 1493 cum
388 1449 442 1494 eas
456 1430 526 1494 fieri
544 1437 697 1513 oporteat,
713 1431 905 1495 mediocrius
920 1452 1018 1515 quam
1040 1431 1144 1494 facere
1158 1425 1247 1490 vole-

110 1527 212 1606 batis;
234 1529 384 1618 quodque
400 1529 549 1607 decimas,
564 1530 688 1594 fructus
710 1538 744 1595 et
766 1535 943 1613 proventus
966 1528 1110 1594 ecclesiae
1131 1530 1246 1591 vestrae

108 1625 149 1690 de
170 1627 269 1704 Aton,
284 1648 343 1711 pro
365 1627 524 1692 solutione
539 1627 611 1692 seris
634 1628 733 1693 alieni
747 1628 787 1693 de
802 1634 910 1693 vestro
925 1648 1084 1693 consensu
1098 1622 1247 1688 unanimi

110 1745 216 1790 coram
231 1727 325 1791 nobis
347 1727 536 1810 assignatos,
552 1727 752 1812 integraliter
768 1728 927 1812 colligatis
942 1735 975 1793 et
990 1725 1133 1802 servetis,
1148 1730 1185 1787 ut
1200 1723 1246 1787 sic

110 1825 347 1907 particulariter
355 1832 462 1890 vestra
473 1826 596 1890 Domus
605 1846 689 1891 anno
699 1825 845 1909 quolibet
854 1826 893 1890 de
902 1826 1012 1910 aliquo
1021 1825 1130 1890 debito
1139 1821 1247 1886 valeat

110 1922 255 1989 relevari.
300 1925 385 1989 Item
400 1925 512 1989 nullus
527 1925 703 1989 monachus
718 1932 841 1989 secrete
856 1924 999 2009 Capituli
1014 1920 1174 1988 extraneis
1189 1923 1246 1983 aut

110 2022 316 2087 saecularibus
327 2024 472 2107 personis
481 2023 727 2107 quibuscunque
739 2028 913 2107 praesumat
922 2023 963 2087 de
973 2028 1088 2088 caetero
1097 2018 1246 2093 revelare,

110 2121 188 2204 quia
217 2142 328 2187 omnes
357 2123 549 2187 revelatores
571 2130 766 2188 secretorum
788 2123 932 2207 Capituli
964 2121 1094 2205 majoris
1119 2137 1245 2183 exeom-

111 2221 341 2286 municationis
356 2223 517 2286 sententia
532 2230 610 2287 sunt
625 2222 725 2306 ligati.
771 2224 856 2288 Item
878 2222 1044 2288 saeculares
1060 2217 1205 2286 extranei
1226 2236 1246 2279 a

111 2320 258 2385 discursu
272 2322 434 2406 frequenti
449 2327 482 2387 et
496 2322 679 2387 inordinato
701 2323 736 2385 in
759 2322 907 2400 claustro,
921 2321 1105 2397 infirmario,
1124 2325 1158 2384 et
1172 2315 1245 2380 aliis
1316 2347 1323 2359 ,

111 2417 189 2483 locis
212 2421 445 2496 secretioribus,
459 2428 619 2505 quantum
635 2421 800 2486 commode
816 2427 849 2486 et
871 2421 1005 2485 honeste
1027 2419 1096 2485 fieri
1118 2415 1246 2502 poterit,

111 2525 286 2585 arceantur.
332 2520 418 2584 ltem
443 2521 477 2583 in
507 2522 676 2586 refectorio
702 2542 768 2586 non
793 2521 858 2585 nisi
884 2528 1019 2585 maturae
1044 2528 1077 2584 et
1102 2518 1245 2581 honestae

110 2637 254 2700 personae
290 2624 450 2683 extraneae
494 2621 657 2686 comedere
701 2620 939 2704 permittantur.
996 2620 1081 2684 Item
1125 2614 1246 2681 infirmi

111 2718 260 2781 monachi
275 2718 451 2783 secundum
467 2720 640 2803 qualitates
662 2721 890 2805 aegritudinum
905 2726 938 2785 et
952 2719 1152 2785 conditiones
1174 2734 1245 2799 per·

112 2836 262 2881 sonarum
284 2818 393 2882 debite
415 2827 636 2902 procurentur,
662 2825 759 2904 prout
783 2820 886 2904 ipsius
912 2821 1038 2883 Domus
1067 2820 1246 2901 suppetunt

112 2914 289 2979 facultates.
335 2917 420 2980 Item
451 2937 562 2981 ornnes
592 2925 626 2982 et
652 2918 772 3002 singuli
797 2919 946 2983 monachi
975 2920 1010 2982 in
1036 2917 1151 2981 habitu
1179 2914 1247 2978 sint

111 3015 242 3078 omnino
254 3015 351 3096 juxta
365 3015 534 3097 antiquam
550 3015 714 3099 religionis
737 3017 972 3081 observantiam
987 3016 1173 3089 uniformes,
1187 3031 1247 3076 nec

110 3113 145 3174 in
168 3112 282 3175 habitu
303 3112 449 3177 interiori
464 3114 515 3175 vel
538 3114 688 3177 exteriori
711 3135 767 3197 per
781 3135 1005 3199 quemcunque
1027 3115 1107 3178 fiant
1129 3112 1245 3194 aliquae

111 3211 281 3285 novitates,
296 3215 329 3274 et
343 3210 384 3274 de
400 3216 513 3275 caetero
528 3232 593 3275 non
607 3212 765 3295 recipiant
779 3214 949 3297 pecuniam
965 3235 1022 3297 pro
1037 3210 1247 3285 indumentis,

112 3307 168 3372 sed
184 3308 361 3372 necessaria
375 3308 568 3373 indumenta
590 3309 629 3373 de
651 3330 717 3373 uno
739 3311 895 3394 recipient
910 3312 1073 3388 vestiario,
1086 3308 1246 3374 restitutis

112 3407 273 3472 veteribus
309 3428 383 3471 cum
420 3428 505 3472 nova
541 3409 728 3492 receperint,
765 3410 959 3493 pauperibus
996 3408 1171 3493 erogandis,
1204 3427 1246 3470 ne

111 3507 276 3571 occasione
298 3507 490 3591 receptionis
519 3507 665 3591 pecuniae
693 3515 870 3573 numeratae
899 3509 1016 3572 vitium
1042 3505 1246 3592 proprietatis

113 3612 270 3682 causetur,
303 3612 360 3669 aut
396 3605 583 3689 aliqualiter
614 3615 793 3672 excusetur,
857 3608 941 3672 Item
978 3607 1153 3672 elemosina
1188 3627 1247 3691 per

113 3704 382 3770 Elemosinarium
398 3711 432 3770 et
445 3706 621 3772 servientes
637 3727 711 3772 suos
727 3708 866 3773 fideliter
879 3707 1056 3793 colligatur,
1071 3712 1105 3773 et
1125 3707 1245 3772 divinae

111 3804 241 3887 pietatis
264 3804 388 3869 intuitu
411 3805 571 3870 duntaxat
592 3807 786 3889 pauperibus
808 3813 977 3893 arrogetur,
999 3827 1059 3872 nec
1085 3807 1245 3892 operariis,

112 3903 165 3967 vel
179 3904 313 3980 nuntiis,
329 3910 385 3969 sut
400 3905 473 3969 aliis
488 3906 737 3990 quibuscunque
759 3907 862 3985 detur,
883 3907 947 3971 nisi
969 3913 1098 3971 tantum
1120 3907 1244 3971 intuitu

110 4003 248 4087 pietatis.
295 4004 379 4068 Item
408 4005 528 4082 Abbas,
558 4007 658 4083 Prior,
689 4006 851 4091 Supprior,
881 4014 914 4072 et
942 4008 1057 4072 tertius
1090 4007 1181 4071 Prior
1209 4008 1244 4070 in

110 4102 358 4166 correctionibus
373 4124 563 4168 excessuum
585 4105 727 4170 medium
742 4106 944 4172 discretionis
966 4128 1091 4191 semper
1112 4112 1246 4172 teneant

111 4202 196 4265 inter
223 4202 454 4286 negligentiam
483 4211 516 4268 et
545 4204 709 4282 fervorem,
739 4226 798 4270 nec
835 4205 901 4269 sint
930 4212 1112 4291 acceptores
1140 4207 1245 4270 invidi

109 4320 325 4384 personarum.
371 4303 456 4365 Item
466 4302 586 4380 Abbas,
597 4304 697 4382 Prior,
710 4304 864 4388 Supprior
877 4305 1050 4370 monachos
1058 4305 1245 4370 claustrales

111 4399 152 4464 ad
189 4400 373 4464 exeundum
410 4421 467 4484 per
505 4402 642 4485 patriam
679 4424 745 4467 non
775 4403 814 4467 de
852 4403 941 4468 facili
973 4403 1149 4481 licentiam,
1180 4405 1244 4469 nisi

110 4506 278 4582 urgentem
299 4499 532 4575 necessitatem,
546 4499 600 4564 vel
621 4500 805 4565 evidentem
827 4501 1004 4568 utilitatem
1019 4503 1162 4568 viderint
1182 4505 1244 4568 im-

110 4597 239 4661 minere.
290 4598 374 4661 Item
410 4597 529 4674 Abbas,
566 4599 666 4674 Prior,
698 4598 753 4664 vel
783 4599 937 4684 Supprior
973 4622 1039 4666 non
1075 4601 1246 4669 licentient
