2918 4980
349 560 621 613 eneruauerunt
641 562 842 613 annuarum
861 563 910 614 nn
928 562 1113 613 wnrrnur.
1237 533 1297 610 4²79

666 651 676 688 l

158 724 303 789 Franciae
337 725 533 789 duodecimo.
594 726 688 790 Istud
720 728 754 789 in
785 727 930 790 custodia
963 727 1153 790 vicariorum
1190 746 1300 809 supra-

158 822 320 887 dictorum
337 822 434 888 Chon'
449 824 534 888 Eccl.
550 824 753 890 Cethedralis
768 825 803 889 Β.
821 826 908 889 Petri
923 825 1010 909 apud
1027 825 1120 889 Ebor.
1135 831 1301 909 permanet

158 922 367 987 conservand.
384 930 417 987 et
431 923 507 987 ibid.
524 924 559 987 in
574 925 719 988 custodia
734 946 844 989 eorum
859 925 1048 989 invenietur.

665 1160 797 1223 DXLV.

206 1297 374 1363 Universis
398 1297 520 1363 Christi
543 1298 626 1363 fidel.
650 1299 690 1362 ad
712 1319 793 1382 quos
815 1319 861 1382 pr.
878 1320 902 1362 c.
921 1299 1090 1363 indentata
1111 1298 1302 1382 pervenerit,

160 1396 309 1474 Thomas,
338 1396 458 1473 Abbaa,
488 1404 522 1462 et
551 1397 650 1463 Conv.
681 1397 873 1462 Monasterii
899 1398 937 1462 de
964 1397 1128 1480 Whiteby,
1154 1397 1301 1462 salutern.

160 1494 326 1559 Noveritis
349 1515 407 1558 noa
431 1494 470 1572 d.‚
492 1515 589 1573 cona,
604 1503 638 1560 et
660 1494 720 1559 hac
741 1516 787 1578 pr.
804 1517 829 1560 c.
848 1503 957 1560 nostra
978 1497 1099 1560 indent.
1123 1497 1205 1561 conf.
1229 1495 1302 1559 d’no
1411 1501 1419 1512 “

161 1591 285 1673 Heliael
310 1593 350 1656 de
376 1592 607 1677 Walkyngton,
632 1594 768 1660 Custodi
795 1595 907 1658 domus
934 1595 1125 1658 vicariorum
1150 1595 1302 1659 Ecclesiae

161 1690 364 1758 cathedralis
391 1692 427 1757 B.
453 1693 544 1757 Petri
569 1694 673 1770 Ebor,
699 1714 736 1756 ac
766 1693 895 1757 vicariis
922 1695 1021 1778 ejusd.
1048 1694 1142 1771 Eccl,
1168 1694 1301 1758 advoca-

160 1789 300 1855 tionem²
315 1790 391 1855 eccl
407 1792 446 1855 de
462 1791 681 1876 Huntyngton
692 1792 789 1875 juxta
803 1793 906 1869 Ebot,
922 1813 996 1856 cum
1010 1792 1113 1877 gleba,
1127 1792 1303 1867 mansione,

160 1896 263 1973 prato,
289 1889 492 1967 communia,8
517 1899 550 1954 et
576 1910 650 1954 cum
677 1910 760 1955 omn.
786 1892 852 1954 suis
879 1892 1006 1974 juribus
1032 1898 1065 1954 et
1090 1898 1169 1974 pert.
1197 1892 1300 1955 eidem

161 1987 247 2053 Eccl.
262 1988 568 2072 pertin—Habend.
589 1990 683 2073 (142)
698 1996 732 2053 et
750 1997 822 2066 ten,
837 1990 945 2053 advoc.
962 1990 1035 2054 eccl.
1051 1990 1212 2073 predictae,
1226 2011 1299 2053 cum

162 2108 247 2152 omn.
263 2087 330 2152 suis
348 2087 476 2172 juribus
496 2096 529 2152 et
549 2097 640 2172 pert,
655 2095 692 2151 ut
713 2089 903 2172 praedictum
924 2095 981 2166 est,
996 2089 1136 2171 praefatis
1158 2089 1302 2166 Custodi,

161 2186 291 2251 vicariis
321 2195 354 2250 et
383 2207 492 2251 eorum
522 2208 615 2264 succ,
644 2188 754 2264 libere,
784 2209 846 2271 qu,
871 2188 939 2263 int,
969 2188 1059 2263 bene,
1089 2196 1122 2251 ot
1150 2188 1185 2251 in
1215 2209 1302 2271 paee,

161 2286 305 2370 imperp,
320 2285 410 2349 salva
425 2286 500 2351 inde
516 2288 607 2351 nobis
623 2293 655 2351 et
670 2308 752 2351 succ.
776 2288 894 2351 nostris
917 2308 1025 2351 annua
1047 2287 1199 2370 pensione
1222 2295 1301 2351 tres·

162 2384 266 2449 decim
288 2384 378 2449 solid.
395 2393 428 2449 et
442 2393 580 2469 quatuor
595 2386 664 2450 den.
681 2386 805 2470 argenti
821 2386 861 2449 ad
878 2386 898 2450 f.
915 2387 945 2450 S.
961 2385 1098 2449 Martini
1119 2387 1154 2449 in
1177 2387 1301 2470 hyeme,

162 2485 233 2550 sine
252 2483 396 2548 ulteriori
419 2485 590 2566 dilatione;
613 2507 711 2570 quam
727 2486 858 2570 quidem
881 2486 1066 2569 pensionem
1089 2507 1146 2550 nos
1167 2493 1200 2551 et
1222 2507 1300 2570 prae-

162 2583 279 2648 decess.
302 2584 413 2660 nostri,
433 2606 452 2648 a
473 2592 617 2668 tempore
640 2606 703 2669 quo
727 2607 792 2648 non
815 2585 925 2649 existit
947 2585 1108 2662 memoria,
1130 2585 1247 2650 habere
1269 2593 1302 2649 et

162 2683 325 2768 percipere
340 2682 380 2747 dc
395 2683 481 2747 dicta
504 2683 636 2748 ecclesia
652 2685 692 2748 ad
709 2685 846 2749 eundem
869 2692 958 2748 term.
979 2685 1147 2747 annuatim
1170 2706 1301 2749 consue-

162 2780 278 2846 vimus.
322 2781 366 2844 Et
385 2802 452 2859 nos,
466 2783 577 2846 Abbas
592 2791 625 2846 et
641 2784 739 2848 Conv.
755 2784 909 2866 praedicti,
924 2792 958 2847 et
972 2804 1054 2847 succ.
1078 2783 1187 2859 nostri,
1204 2783 1300 2866 praed.

163 2880 414 2958 advocationem,
435 2902 509 2945 cum
528 2882 658 2965 juribus
676 2888 709 2946 et
730 2889 810 2966 pert.
834 2882 901 2945 suis
919 2882 1077 2946 universis
1100 2880 1302 2965 supradictis,

163 2980 253 3044 salva
268 2981 360 3044 nobis
376 2987 409 3045 et
423 3002 506 3045 suco.
523 2982 642 3045 nostris
657 2982 811 3065 pensione
827 2981 931 3065 p1aed.,
947 2987 984 3045 ut
999 2981 1094 3064 praed.
1110 2990 1167 3057 est,
1184 2981 1301 3045 futuris

163 3080 362 3163 temporibus
377 3080 615 3164 imperpetuum
631 3081 773 3164 praefatis
789 3081 933 3157 Custodi,
944 3081 1080 3157 vicariis,
1092 3087 1125 3144 et
1140 3100 1201 3145 eor.
1217 3101 1301 3146 succ.

164 3196 247 3254 wan,
262 3178 343 3262 adq„
358 3185 392 3243 et
410 3179 544 3262 imperp.
562 3200 620 3263 per
641 3184 815 3262 praesentes
838 3179 1054 3243 defendemus.
1100 3179 1141 3242 In
1163 3180 1255 3262 cujus
1276 3201 1301 3244 r.

163 3283 236 3342 test
252 3278 337 3360 parti
351 3278 445 3341 istius
460 3278 641 3343 indenturae
654 3299 752 3361 penes
773 3279 868 3362 praed.
886 3280 973 3343 Cust.
990 3285 1023 3342 et
1037 3278 1132 3341 vicar.
1148 3277 1302 3342 residenti

164 3375 221 3460 sig.
241 3383 386 3440 nostrum
410 3397 522 3441 comm.
550 3378 673 3441 Menas.
699 3379 801 3442 nostri
826 3378 922 3461 praed.
949 3377 1176 3460 apposuimus3
1201 3377 1302 3440 altera

165 3496 239 3540 vero
275 3482 366 3560 parte
396 3476 452 3561 sig.
483 3497 596 3541 comm.
627 3477 757 3542 eorund.
796 3483 874 3541 cust.
914 3483 946 3540 et
975 3477 1069 3539 vicar.
1107 3476 1301 3560 consignate.

164 3575 288 3639 Datum
308 3576 343 3638 in
359 3575 492 3659 Capella
515 3583 623 3641 nostra
646 3577 808 3640 communi
832 3578 968 3660 septimo
991 3577 1113 3640 decimo
1136 3575 1301 3641 Kalendas

165 3675 314 3760 Augusti,
334 3675 416 3740 A.D.
443 3676 614 3740 millesimo
637 3675 877 3740 trecentesimo⁴
900 3675 1164 3760 quinquagesimo
1190 3676 1302 3758 primo,

165 3780 199 3838 et
224 3794 308 3838 anno
334 3794 357 3838 r.
381 3774 477 3858 Regis
507 3775 608 3838 nostri
634 3775 760 3858 Angliae
786 3774 938 3838 vicesimo
964 3775 1087 3857 quinto,
1112 3775 1203 3858 regni
1228 3796 1302 3839 vero

165 3873 192 3936 1²
192 3873 307 3937 ranciae
323 3873 519 3938 duodecimo.

166 4021 207 4072 his
224 4020 341 4073 nominal
359 4022 433 4088 reign
451 4039 515 4072 over
531 4023 593 4074 that
611 4028 724 4089 country
736 4027 765 4074 to
782 4022 830 4074 the
848 4039 912 4088 year
929 4023 956 4072 ol
974 4022 1016 4073 his
1034 4022 1108 4089 reign
1125 4023 1152 4073 in
1171 4024 1301 4092 England.

166 4105 222 4155 ‘l'hc
234 4105 292 4156 first
303 4105 444 4155 document
458 4106 518 4156 that
530 4106 579 4157 has
596 4107 663 4158 been
675 4106 829 4157 discovered
841 4106 869 4156 in
882 4105 969 4156 which
982 4106 1057 4157 these
1070 4105 1145 4158 dates
1158 4124 1236 4158 occur
1249 4125 1303 4159 was

166 4188 294 4239 executed
305 4188 352 4239 the
364 4188 417 4253 day
429 4188 497 4239 after
509 4189 543 4239 ha
555 4190 721 4240 commenced
739 4190 785 4241 the
803 4189 926 4255 practice,
940 4189 1045 4255 namely
1058 4205 1092 4239 on
1105 4189 1171 4242 roth
1183 4191 1303 4257 January

168 4272 245 4333 1340,
262 4271 351 4322 which
369 4272 508 4323 concludes
528 4272 557 4322 in
578 4272 653 4323 these
672 4273 758 4324 words
768 4279 822 4323 :-‘
832 4273 892 4324 Dat.
913 4271 983 4337 apud
1005 4271 1170 4334 Gandaaum,
1190 4275 1303 4325 otceaimo

165 4355 515 4415 momentariam.
532 4359 613 4406 nostri
625 4355 745 4407 Francia
758 4358 852 4420 primo,
868 4356 970 4418 Anqlioe
986 4371 1045 4405 vcro
1057 4362 1149 4420 quarto
1167 4356 1278 4408 decimo!
1288 4355 1303 4380 ’'

167 4439 304 4501 ——wlroa
319 4437 351 4500 os
360 4437 475 4502 History,
489 4455 514 4504 p.
529 4440 600 4500 299.)

203 4520 211 4552 ¹
232 4521 311 4572 Helie.
418 4520 429 4552 ²
448 4522 496 4571 See
508 4521 561 4572 last
572 4520 645 4571 deed.
753 4519 764 4552 ³
782 4523 935 4572 communiis.
1043 4518 1054 4552 ⁴
1072 4525 1257 4575 trecentesimo.
