2918 4980
339 516 611 570 CARTULARIUM
628 517 833 570 ABBATHIAE
852 519 902 570 DE
919 518 1107 571 WHITEBY.
1231 504 1291 567 677

154 677 260 757 Baeda,
275 681 325 746 De
349 682 457 747 Gestis
477 683 668 768 Anglorum,
690 683 745 747 lib.
769 682 813 749 iii.
838 683 891 749 Oa.
915 684 1003 748 xxiv.
1050 684 1154 762 Quem
1175 684 1294 760 locum,

152 797 209 861 per
226 780 336 845 Dauos
350 801 491 866 paganos
506 782 541 846 in
556 781 764 846 solitudinem
780 782 953 861 redactum,
969 783 1102 868 quidam
1116 781 1293 847 monachus

153 877 193 941 de
214 878 389 961 Eyvsham,
411 880 540 945 nomine
562 881 759 957 Reinfridus,
781 881 816 944 in
838 881 884 944 Α0
907 882 975 946 Gr.l
997 931 1003 946 .
1028 930 1035 944 .
1060 932 1067 947 .
1091 931 1098 946 .
1122 881 1292 965 reparavit,

153 983 186 1039 et
211 979 439 1043 monachorum
460 979 694 1044 habitationem
715 980 874 1044 instruere
897 981 1011 1065 coepit;
1038 980 1104 1064 qui,
1127 986 1201 1064 post
1223 980 1292 1062 ejus

153 1075 277 1140 obitum
291 1078 465 1162 migrantes
477 1079 667 1156 Eboracum,
678 1079 912 1144 Monasterium
924 1080 958 1142 in
970 1081 1124 1144 honorem
1136 1080 1166 1144 S.
1178 1078 1292 1142 Maria·

153 1175 296 1258 Virginis
333 1177 578 1255 constituerunt,
615 1178 650 1241 in
686 1179 733 1242 Αο
770 1179 824 1244 Gr.
862 1179 1038 1244 M⁰xc⁰iiii¹⁰.
1101 1179 1292 1263 (Reynerus.

151 1272 326 1357 Appendix
341 1276 502 1359 primani.
518 1277 539 1341 f.
556 1278 622 1360 44.)

252 1575 421 1639 ccxxx.
445 1576 545 1659 (esre.
562 1575 651 1638 narr.
668 1575 793 1658 Ansiq,
808 1575 886 1639 Bru.
903 1575 988 1640 Mus.
1006 1581 1046 1640 43
1062 1577 1103 1641 A.
1120 1578 1184 1659 47.)

152 1737 314 1801 URBANUS
341 1739 432 1801 Pura
454 1739 581 1801 Assum
604 1738 818 1802 Mouasrnsu
840 1754 883 1800 nu
910 1738 1053 1802 Wfflrsr
1074 1755 1118 1801 nn
1141 1739 1289 1804 Correo-

238 1852 357 1900 vnasm
372 1853 443 1900 cum
459 1838 688 1901 Pa1omrumr
704 1837 895 1901 Guruouur
917 1853 953 1900 ru
968 1838 1133 1914 Esnnmu,
1149 1838 1291 1903 Oanuus

240 1935 570 2013 Grmnmommsrs,
585 1936 684 1999 Esou„
701 1935 896 1999 Drocnssos.

197 2072 350 2136 Urbanus
377 2073 485 2156 Ep'us,
512 2092 534 2136 s.
562 2092 585 2136 s.
612 2072 685 2148 Dei,
711 2070 830 2136 dilecto
860 2070 936 2148 filio,
961 2071 1084 2135 Abbati
1110 2070 1224 2136 Mon'ii
1250 2073 1289 2138 de

150 2171 299 2254 Whitby,
313 2171 407 2235 Ebor.
424 2171 524 2248 Dioc,
539 2191 562 2235 s.
584 2177 618 2234 et
639 2191 688 2254 ap.
704 2170 969 2234 benedictionem.
1014 2171 1069 2234 Ad
1090 2172 1289 2236 audientiam

150 2276 292 2335 nostram
307 2270 454 2356 pervenit
469 2271 555 2354 quod
570 2276 638 2333 tam
653 2269 763 2334 dilecti
778 2269 846 2347 filii,
861 2269 952 2334 Prior
966 2276 999 2335 et
1011 2270 1109 2336 (lonv.
1126 2271 1290 2337 Prioratus

148 2372 189 2435 de
202 2371 382 2435 Gramount
392 2371 428 2434 in
438 2368 589 2447 Eskdale,
605 2369 678 2434 Ord.
692 2369 925 2446 Grandimont,
936 2389 1034 2453 quam
1046 2369 1290 2453 praedecessores

148 2490 269 2547 eorum,
284 2470 433 2547 decimas,
455 2470 538 2546 t'rss,
554 2468 658 2545 villas,
672 2469 793 2544 domos,
814 2468 936 2544 vineas,
950 2469 1107 2552 grangias,
1128 2468 1289 2553 piscarias,

148 2577 263 2646 castra,
285 2568 467 2646 castellicia,
483 2573 583 2652 prata,
598 2573 722 2652 stagna,
743 2567 842 2645 lacus,
858 2588 986 2651 pascua,
1008 2589 1146 2645 nemora,
1167 2569 1289 2634 molen·

148 2671 236 2746 diua,
252 2669 404 2746 redditus,
415 2668 641 2751 possessiones,
651 2668 735 2750 jura,
748 2667 1001 2751 jurisdictiones,
1016 2673 1049 2732 et
1063 2668 1211 2751 quosdam
1226 2668 1290 2734 ulia

147 2772 234 2833 bona
257 2770 400 2852 ejusdem
422 2770 597 2844 Prioratus,
612 2767 697 2832 datis
721 2787 817 2850 super
840 2767 900 2831 hoc
914 2766 1042 2845 litteris,
1057 2768 1212 2833 confectis
1233 2789 1289 2834 sx-

146 2869 225 2932 inde
240 2868 378 2950 publicis
393 2866 627 2942 instrumentis,
638 2866 832 2950 juramentis
843 2865 1051 2950 interpositis,
1063 2868 1157 2932 factis
1171 2888 1290 2932 renun-

147 2967 351 3043 ciationibuS,
380 2973 413 3031 et
442 2965 547 3051 poeuis
578 2964 721 3048 adjectis,
751 2965 787 3027 in
822 2984 953 3049 gravem
983 2965 1086 3049 ipsius
1123 2967 1288 3032 Prioratus

145 3067 322 3143 laesionem,
337 3065 503 3130 nonnullis
519 3064 642 3128 clericis
658 3071 691 3127 et
704 3063 805 3141 laicis,
820 3063 983 3147 aliquibus
999 3084 1109 3128 eorum
1125 3066 1289 3146 advitam,

145 3166 342 3252 quibusdam
364 3186 438 3229 vero
461 3164 502 3228 ad
525 3184 590 3227 non
605 3162 816 3227 immodicum
836 3168 975 3245 tempus,
990 3171 1023 3228 et
1038 3164 1112 3228 aliis
1134 3172 1289 3249 perpetuo

145 3266 188 3331 ad
213 3265 346 3340 firmam,
360 3263 413 3328 vel
435 3264 496 3327 sub
519 3281 617 3325 censu
640 3281 757 3336 annuo,
779 3268 1014 3338 concesserunt,
1029 3283 1165 3345 quorum
1188 3263 1290 3348 aliqui

144 3366 302 3430 dicuntur
317 3363 491 3448 superbiis
513 3359 768 3425 confirmationis
790 3359 916 3423 litteras
931 3359 967 3424 in
982 3360 1076 3424 firma
1090 3363 1290 3426 communia

143 3465 230 3530 Sede
253 3463 363 3546 Apost.
387 3463 575 3547 impetrasse
586 3458 724 3536 2-Quia
738 3478 812 3522 vero
836 3459 939 3522 nostri
961 3460 1096 3525 interest
1119 3481 1216 3545 super
1229 3461 1290 3527 hoc

142 3567 187 3630 de
215 3564 425 3648 op[p]ortuno
449 3559 590 3626 remedio
613 3558 789 3642 providere,
812 3558 996 3623 discretioni
1020 3566 1086 3624 tuoe
1111 3581 1168 3644 per
1190 3567 1289 3646 apost.

142 3664 269 3745 scripta
291 3664 482 3727 mandamus
505 3660 658 3743 quatinus
677 3678 716 3722 ea
730 3678 803 3741 quae
825 3655 865 3721 de
887 3657 980 3722 bonis
1002 3659 1105 3744 ipsius
1127 3660 1291 3726 Prioratus

141 3784 206 3849 per
229 3764 449 3827 concessiones
472 3759 659 3842 hujusmodi
674 3757 813 3822 alienata
835 3757 999 3822 inveneris
1014 3759 1139 3839 illicite,
1153 3761 1205 3825 vel
1228 3760 1292 3825 dis-

140 3867 261 3935 tracta,
283 3881 348 3924 non
374 3860 579 3926 obstantibus
605 3857 733 3934 litteris,
756 3856 992 3934 instrumentis,
1014 3859 1218 3942 juramentis,
1244 3882 1293 3927 re-

142 3958 417 4037 nuntiationibus,
433 3958 537 4042 poenis
553 3964 586 4022 et
601 3955 899 4021 confirmationibus
921 3958 1124 4040 supradictis,
1139 3959 1180 4023 ad
1190 3960 1245 4044 jus
1261 3966 1294 4024 et

140 4054 377 4145 proprietatem
392 4056 537 4142 ejusdem
548 4057 712 4120 Prioratus
727 4054 870 4139 legitime
882 4074 1030 4122 revocare
1044 4078 1203 4142 procures,
1218 4081 1292 4124 con-

139 4154 336 4223 tradictores
366 4177 424 4240 per
453 4176 621 4220 censuram
657 4154 928 4230 Ecclesiasticam,
957 4157 1176 4240 appellatione
1205 4165 1294 4244 post

138 4255 264 4346 posita,
286 4255 525 4340 compescendo,
539 4261 638 4322 testes
661 4263 771 4320 autem
793 4254 850 4338 qui
865 4254 996 4320 fuemnt
1018 4258 1187 4335 nominati,
1209 4259 1238 4321 si
1260 4279 1294 4323 se

138 4354 259 4445 gratis,
275 4352 355 4431 odio,
366 4356 419 4420 vel
435 4355 559 4434 timore,
573 4356 793 4422 subtraxerint
808 4375 942 4419 censura
957 4356 1066 4434 simili,
1077 4357 1294 4442 appellatione

301 4491 311 4525 ¹
323 4498 385 4548 viii'
404 4495 519 4549 willelmi
533 4497 717 4562 Ocmlrrestoris,
733 4493 856 4561 supplied
868 4492 896 4543 iu
908 4492 956 4544 the
969 4494 1077 4560 margin.

189 4592 264 4642 von.
282 4591 315 4640 11.
1136 4597 1158 4644 χ
