2970 4988
173 484 236 544 430
356 497 628 550 CARTULARIUM
647 497 850 550 ABBATHIAE
869 498 917 550 DE
935 498 1122 551 WHITEBY.

465 751 709 816 OOOOLXXV.
732 751 1017 816 Haunnsoaarnr„

215 914 286 993 (76)
309 912 432 976 Notum
458 912 502 976 sit
524 933 607 976 omn.
631 911 671 975 ad
695 932 775 995 quos
797 932 843 996 pr.
866 933 924 976 scr.
950 933 1047 995 perv,
1069 932 1159 995 praes.
1182 918 1216 975 et
1241 911 1313 986 iut,

170 1011 257 1094 quod
279 1031 344 1094 ego,
360 1011 555 1095 Reginaldus
578 1011 618 1075 de
641 1010 867 1094 Haukesgart,l
881 1032 938 1094 pro
953 1031 980 1075 a
997 1031 1077 1086 mea,
1092 1017 1126 1075 et
1139 1008 1311 1073 animabus

170 1116 273 1175 anteo.
288 1130 431 1174 meorum
447 1118 480 1174 et
493 1110 567 1174 haer.
584 1130 736 1186 meorum,
752 1130 840 1176 conc.
855 1117 889 1174 et
903 1109 986 1187 dedi,
1001 1115 1034 1173 et
1056 1110 1117 1173 hac
1133 1129 1179 1193 pr.
1195 1128 1222 1173 c.
1238 1126 1311 1171 mea

171 1211 263 1286 conf,
277 1210 312 1273 in
335 1230 403 1294 pur.
420 1216 453 1273 et
470 1231 557 1294 perp.
572 1210 673 1286 elem,
688 1209 819 1292 capellae
836 1209 928 1273 Omn.
945 1210 1087 1273 S’oorum
1102 1209 1143 1272 de
1158 1207 1310 1272 Haukes·

168 1316 240 1393 gart
262 1330 360 1373 unam
381 1330 486 1373 acram
502 1316 535 1374 et
550 1309 625 1373 dim.
642 1310 708 1372 t’rae
722 1309 758 1371 in
773 1309 907 1371 Houflat
923 1330 1033 1372 versus
1056 1308 1219 1384 orientem,
1234 1328 1309 1371 eum
1333 1374 1338 1383 ,

169 1409 328 1492 particulo
354 1410 440 1492 quod
466 1410 513 1473 ibi
539 1416 596 1486 est,
620 1415 652 1472 et
679 1429 753 1472 cum
778 1410 941 1493 mesuagio
967 1415 1000 1472 et
1025 1408 1107 1472 tofto
1133 1406 1220 1491 quod
1245 1406 1310 1469 fuit

171 1508 328 1591 Stephani
349 1510 436 1585 ibid,
451 1510 493 1573 ad
514 1509 746 1573 inveniendum
764 1508 922 1571 luminare
938 1515 970 1572 et
985 1508 1155 1571 missarum
1170 1505 1309 1570 celebra·

170 1606 291 1670 tionem
322 1607 357 1669 in
386 1607 667 1691 solempnitatibus
696 1606 856 1691 praeoelsae
884 1606 1029 1690 Virginis
1060 1605 1181 1681 Mariae,
1211 1611 1244 1669 et
1273 1604 1308 1667 in

171 1705 283 1769 diebus
306 1704 449 1783 Sabbati‚
472 1727 567 1790 super
589 1707 689 1770 altare
711 1705 808 1788 praed.
824 1705 968 1789 Virginis
986 1706 1021 1768 in
1044 1704 1139 1789 praed.
1158 1724 1225 1787 cap.
1245 1701 1309 1768 ele-

172 1805 296 1869 mosina
310 1805 404 1888 praed.
419 1805 588 1888 Reginaldi
603 1811 832 1869 constructum.
870 1805 922 1869 De
936 1805 1031 1888 praed.
1044 1825 1119 1869 vero
1130 1804 1197 1880 t'ra,
1208 1809 1310 1886 prato,

172 1924 257 1980 mes,
286 1910 319 1968 et
347 1905 438 1980 toft0,
468 1925 525 1988 ego
555 1904 750 1987 Reginaldus
780 1905 841 1968 feci
870 1904 999 1988 plenam
1029 1904 1183 1968 saisinam
1212 1900 1308 1985 praed.

171 2002 312 2087 capellae,
336 2011 368 2067 et
390 2004 473 2067 hano
496 2003 585 2067 elem.
610 2024 666 2088 ego
689 2011 722 2068 et
748 2005 821 2067 haer.
845 2004 909 2066 mei
935 2004 1088 2067 debemus
1114 2002 1218 2067 eidem
1241 2022 1308 2086 cap.

171 2102 377 2166 warantizare
392 2109 503 2166 contra
518 2122 601 2166 omn.
617 2103 771 2166 homines.
816 2103 891 2166 Hiis
913 2103 1058 2167 testibus.
1103 2102 1187 2165 D'no
1201 2101 1308 2164 Adam

173 2198 213 2263 de
228 2199 440 2284 Haukesgart.
486 2199 607 2264 Thoma
622 2200 689 2264 filio
704 2201 782 2283 ejus.
826 2201 977 2266 Johanne
992 2199 1158 2264 Arundel:
1181 2208 1214 2264 et
1228 2199 1309 2264 aliis

607 2448 873 2513 GCCOLXXVI.

217 2596 288 2679 (78)
313 2595 406 2659 Omn.
430 2595 550 2660 Christi
574 2594 722 2660 fidelibus
746 2617 791 2680 pr.
817 2617 842 2660 c.
868 2597 926 2660 vis
950 2596 1000 2660 vel
1025 2595 1108 2672 aud,
1131 2594 1308 2660 Nicholaus

172 2695 211 2759 de
241 2694 469 2778 Haukesgart,2
498 2694 585 2757 filius
612 2694 742 2757 Thomae
768 2695 808 2758 de
835 2695 1050 2779 Haukesgart,
1076 2695 1131 2758 sal.
1156 2695 1191 2758 in
1215 2696 1308 2760 D'no.

174 2794 256 2859 Nov.
272 2794 410 2858 univers.
427 2799 533 2858 vestra
547 2813 599 2857 me
620 2792 700 2869 ded,
715 2814 802 2858 conc.
818 2800 851 2856 et
872 2793 932 2857 hac
948 2815 993 2878 pr.
1010 2815 1035 2858 c.
1051 2815 1124 2858 mea
1145 2795 1236 2870 coni,
1251 2813 1309 2877 pro

174 2914 225 2958 me
248 2899 281 2957 et
302 2893 375 2957 haer.
392 2893 480 2969 meis,
496 2891 661 2975 Stephano
684 2891 862 2967 Belbarbe,⁸
878 2900 910 2956 et
932 2893 1005 2955 haer.
1028 2894 1095 2956 suis
1118 2892 1157 2956 de
1180 2912 1310 2975 corpore

174 3014 232 3057 suo
262 2992 348 3076 legit.
375 2992 557 3075 procreatis,
580 2991 760 3054 manerium
789 3012 897 3055 meum
928 2992 967 3056 de
997 2991 1210 3075 Haukesgart,
1235 3011 1309 3055 oum

175 3092 323 3157 omnibus
339 3112 411 3175 quae
426 3092 472 3155 ibi
487 3090 586 3154 habui
602 3089 653 3153 vel
669 3090 785 3154 habere
801 3092 901 3173 potui,
917 3093 952 3154 in
967 3091 1081 3155 d’niois
1104 3098 1137 3154 et
1159 3091 1311 3167 servitiis,

175 3189 356 3275 villenagiis
372 3199 405 3254 et
419 3190 561 3273 cotagiis,
576 3210 649 3252 cum
666 3189 821 3273 homagiis
844 3196 875 3253 et
898 3190 1038 3254 servitiis
1060 3190 1116 3253 lib.
1132 3188 1310 3266 hominum,

174 3290 304 3354 villanis
320 3296 475 3354 eteorum
491 3288 640 3371 sequelis,
655 3294 687 3351 et
702 3289 904 3364 tenementis,
919 3288 1099 3352 redditibus
1119 3294 1152 3353 et
1172 3288 1310 3363 releviis,

210 3451 219 3487 ¹
238 3454 286 3506 See
303 3453 427 3513 110910,
442 3452 495 3503 and
513 3455 576 3502 note
593 3456 623 3503 to
640 3451 664 3503 it
677 3455 749 3512 (note
767 3454 790 3512 9,
803 3467 827 3517 p.
845 3452 913 3512 179).
951 3451 1080 3518 Reginald
1098 3453 1120 3502 is
1138 3451 1271 3519 grandson
1283 3453 1311 3502 ol

175 3536 302 3588 Aschetin
315 3537 347 3588 de
360 3535 556 3603 Haulresgarth,
569 3535 615 3586 tha
633 3534 730 3586 author
747 3535 774 3585 01
791 3535 853 3585 that
870 3535 1019 3595 document,
1032 3535 1147 3601 through
1159 3536 1201 3585 his
1213 3537 1310 3587 second

174 3634 221 3669 son
234 3620 326 3685 Roger.
359 3620 407 3670 No.
422 3621 473 3672 200
487 3619 592 3669 recorda
603 3618 649 3669 the
662 3618 782 3685 building
794 3618 821 3668 of
834 3617 965 3668 Hawslrer
977 3618 1076 3684 Chapel
1087 3618 1248 3684 x-possibly
1259 3636 1310 3670 one

174 3702 261 3769 might
274 3717 321 3766 say
334 3701 447 3752 without
465 3703 565 3752 serious
577 3717 655 3761 error,
670 3701 717 3752 the
735 3701 868 3768 replacing
886 3700 913 3751 of
931 3716 947 3750 a
965 3700 1056 3765 chapel
1069 3700 1155 3751 which
1173 3700 1227 3750 had
1245 3719 1310 3753 once

173 3784 277 3836 existed
293 3784 375 3845 there,
396 3784 445 3835 but
465 3784 519 3834 had
540 3784 631 3835 eeased
651 3789 681 3835 to
702 3785 768 3834 have
789 3784 868 3851 being
888 3785 959 3834 since
979 3783 1026 3834 the
1046 3783 1192 3834 desolation
1214 3784 1241 3834 of
1262 3784 1309 3835 the

174 3866 278 3918 district
295 3866 390 3932 hythe
403 3868 497 3918 Danas.
536 3866 621 3918 There
633 3868 656 3917 is
668 3867 724 3918 still
736 3867 860 3933 standing
874 3868 901 3917 in
914 3868 960 3918 the
973 3868 1044 3917 front
1056 3867 1084 3917 oi
1102 3866 1233 3917 Hawsker
1245 3868 1308 3917 Hall

174 3949 369 4016 aremarlrably
382 3950 433 4001 fine
451 3949 584 4001 A0-Saxon
603 3950 764 4011 erosa-shaft,
778 3967 808 4000 or
825 3952 891 4011 secu,
903 3951 956 4001 and
973 3950 1001 4000 in
1019 3950 1054 4000 all
1072 3949 1232 4015 probability
1245 3950 1268 4000 it
1286 3953 1309 4001 is

173 4032 229 4083 still
241 4033 268 4082 in
280 4035 337 4093 situ,
350 4033 402 4083 and
420 4048 507 4084 serres
524 4035 553 4082 to
571 4031 647 4082 mark
663 4032 709 4081 the
722 4031 834 4097 vicinity
850 4032 877 4082 of
895 4033 941 4082 the
959 4032 1146 4098 Haulresgarth
1165 4033 1263 4099 Chapel
1282 4034 1310 4083 of

174 4114 307 4166 Ascatin's
324 4115 446 4177 erection,
465 4131 494 4164 as
512 4114 573 4165 that
585 4119 655 4164 most
667 4113 749 4179 likely
762 4130 817 4164 was
829 4131 863 4164 on
876 4131 905 4165 or
917 4131 980 4166 near
996 4115 1042 4166 the
1055 4116 1105 4166 site
1117 4117 1145 4166 of
1162 4116 1198 4167 its
1210 4117 1308 4183 Anglo-

175 4201 262 4252 Saxon
274 4198 446 4264 predecessor.
484 4198 511 4249 It
523 4198 577 4248 will
590 4197 622 4248 be
635 4198 761 4248 observed
773 4198 834 4249 that
846 4198 892 4248 the
904 4199 997 4264 chapel
1012 4198 1084 4249 iteell
1103 4216 1157 4250 was
1169 4200 1308 4250 dedicated

173 4288 202 4335 to
215 4281 260 4332 All
272 4282 442 4332 Saints—the
461 4281 530 4332 altar
546 4281 631 4332 raised
649 4281 675 4331 in
695 4281 724 4341 it,
739 4297 767 4331 as
785 4281 880 4331 named
898 4282 924 4331 in
943 4281 990 4331 the
1008 4287 1113 4347 present
1127 4283 1201 4343 (leed,
1215 4283 1309 4347 hythe

174 4364 345 4419 munificence
357 4365 384 4415 of
395 4365 441 4415 the
455 4364 587 4414 founder’s
599 4364 739 4430 grandson,
753 4381 806 4415 was
819 4369 848 4414 to
861 4363 906 4415 the
920 4365 1021 4413 honour
1034 4366 1061 4414 of
1073 4367 1119 4415 the
1133 4365 1233 4431 virgin.

211 4447 222 4482 ²
239 4448 288 4498 Sea
299 4448 347 4498 No.
362 4450 422 4507 220,
437 4447 488 4497 and
502 4453 564 4498 note
576 4452 604 4498 to
617 4448 645 4497 it.
895 4444 906 4477 ³
924 4448 971 4496 See
985 4451 1047 4497 next
1060 4448 1133 4509 deod,
1148 4449 1196 4498 No.
1212 4450 1272 4502 477.
