2918 4980
296 525 567 579 ttARTULARIUM
586 525 787 576 ARBATHIAE
807 525 855 576 DE
873 525 1058 578 wfflchY.
1191 513 1248 570 441

116 685 298 751 —Teuend
321 696 354 751 ct
376 689 447 752 hab.
464 689 537 752 dict.
555 689 676 753 Abbati
699 696 732 754 et
747 689 856 766 Gonu,
872 698 905 754 et
926 710 987 755 eor.
1006 709 1101 765 succ,
1115 690 1152 752 in
1174 686 1251 763 t'ris,

116 782 270 862 aedificiis,
292 787 433 870 cotagiis,
456 787 561 864 moris,
587 788 701 864 boscis,
729 788 833 871 planis
858 794 892 853 et
913 788 1062 872 pasturis,
1085 808 1150 851 una
1176 806 1249 849 cum

115 880 244 946 redditu
266 889 299 947 et
320 884 413 948 totali
435 887 566 949 servitio
592 887 678 969 quod
705 887 745 950 ad
771 907 822 951 me
846 887 987 970 pertinet
1011 886 1051 949 de
1077 885 1144 949 t'ris
1170 903 1250 967 quus

115 979 281 1045 «lohannes
304 983 343 1048 de
367 984 487 1068 Stoupe
511 985 550 1048 de
572 1006 624 1049 mc
640 985 801 1068 quondam
824 986 932 1049 tenuit
953 986 988 1048 in
1004 981 1250 1065 Prostethorpe,¹

115 1084 148 1141 et
170 1099 245 1144 cum
267 1101 350 1147 omn.
366 1084 530 1147 estovcriis
553 1091 586 1148 et
608 1084 729 1148 uisiam.
745 1085 780 1147 in
803 1085 890 1149 dicta
904 1084 989 1149 valle
1012 1084 1052 1148 de
1069 1083 1195 1167 Filinge
1209 1081 1250 1145 ad

116 1196 168 1242 mc
190 1187 279 1262 pert,
293 1181 362 1246 sine
381 1182 448 1245 ullo
471 1188 579 1260 retem,
594 1184 630 1246 in
651 1182 683 1259 l,
697 1203 739 1266 p.,
762 1189 794 1247 et
817 1204 903 1267 perp.
927 1183 1135 1248 elemosinam
1145 1181 1250 1254 :-Ita

115 1276 201 1359 quod
223 1299 283 1344 nec
305 1301 370 1365 ege,
386 1301 445 1345 nec
468 1282 541 1345 haer.
564 1282 639 1358 mei,
657 1281 787 1365 aliquod
806 1283 860 1365 jus
876 1282 928 1346 vul
951 1282 989 1346 cl.
1005 1281 1040 1344 in
1062 1281 1158 1364 praed.
1174 1279 1252 1354 t'ris,

114 1380 241 1455 terrem,
255 1380 360 1457 moris,
376 1381 488 1458 boscis,
503 1381 679 1459 estuveriis,
695 1401 751 1446 seu
774 1382 808 1444 in
831 1381 995 1465 aliquibus
1017 1380 1090 1444 ahie
1105 1380 1199 1443 rebus
1214 1379 1248 1441 in

114 1474 200 1538 valle
229 1477 269 1541 de
298 1478 424 1563 Filingc
454 1480 495 1543 ad
525 1501 576 1543 me
606 1485 694 1563 pert,
720 1479 759 1544 de
789 1486 902 1544 caetero
926 1479 1018 1544 vend.
1045 1479 1098 1542 vel
1124 1479 1249 1561 exigere

114 1574 298 1655 poterimus.
342 1578 410 1660 Ego
433 1599 516 1656 vero,
539 1578 713 1656 Galfridus,
729 1584 762 1642 et
783 1579 857 1643 haer.
876 1579 941 1642 mei
962 1577 1059 1662 proed.
1077 1578 1160 1652 t’ras,
1175 1596 1250 1640 cum

115 1672 259 1739 aedificiis
288 1682 321 1740 et
350 1678 474 1742 caeteris
504 1698 587 1742 omn.
619 1699 669 1743 me
699 1678 752 1742 vel
781 1678 855 1744 haer.
886 1698 983 1755 meos,
1009 1684 1047 1741 ut
1072 1675 1250 1760 praedest,

113 1776 338 1857 quoquomodo
360 1777 630 1861 contingentibus,
650 1777 746 1861 praed.
770 1779 850 1842 Abb.
867 1783 900 1841 et
918 1779 1018 1842 Conv.
1035 1784 1067 1840 et
1089 1795 1149 1838 eor.
1166 1795 1249 1839 succ.

115 1881 226 1946 contra
247 1895 274 1938 o.
290 1874 320 1939 h.
337 1896 419 1953 war,
434 1876 507 1953 def,
530 1882 563 1941 et
583 1877 653 1960 adq.
669 1877 914 1961 imperpetuum,
959 1875 1043 1938 Volo
1065 1874 1197 1956 iusuper
1219 1881 1252 1936 ct

116 1973 264 2051 concedo,
279 1981 345 2039 tam
368 1996 426 2059 pro
448 1997 500 2040 mc
521 1997 620 2060 quam
641 1997 699 2060 pro
722 1997 805 2040 omn.
828 1976 903 2041 haer.
926 1975 1017 2050 meis,
1036 1972 1122 2057 quod
1145 1972 1252 2035 omnia

115 2072 331 2138 instrumenta
345 2095 401 2139 seu
417 2081 521 2153 cumae,
536 2095 555 2138 a
573 2096 766 2159 quocunque
780 2076 833 2139 vel
851 2075 1096 2158 quibuscunque
1112 2071 1252 2147 obtenta,

116 2177 300 2237 tenemento
322 2175 417 2257 praed.
441 2176 476 2238 in
502 2175 612 2258 aliqua
638 2181 737 2258 parte,
763 2175 816 2238 vcl
845 2175 880 2237 in
909 2179 987 2250 toto,
1013 2171 1186 2256 tangentia,
1212 2171 1252 2235 de

117 2278 231 2336 caetero
257 2272 381 2337 viribus
408 2274 633 2338 careant—lta
659 2274 746 2357 quod
772 2294 831 2337 nec
858 2273 958 2336 michi
983 2292 1043 2336 nec
1069 2267 1154 2354 (91¹³)
1178 2269 1252 2334 haer.

116 2370 196 2436 meis
218 2371 259 2436 de
281 2379 395 2437 caetero
411 2374 519 2456 aliquo
535 2373 630 2437 modo
644 2379 797 2456 poterunt
811 2373 968 2457 prodesse,
984 2392 1043 2436 nec
1058 2370 1154 2455 praed.
1168 2370 1251 2434 Abb.

117 2476 150 2534 et
172 2470 282 2548 Gonu,
296 2471 350 2535 vel
372 2472 471 2536 alicui
493 2472 550 2536 alii
572 2480 683 2537 contra
697 2494 743 2557 pr.
760 2481 881 2537 cartam
902 2473 1020 2536 obesse.
1066 2470 1107 2532 In
1122 2471 1214 2554 cujus
1229 2490 1252 2533 1¹.

117 2574 189 2634 test.
213 2590 258 2653 pr.
286 2591 344 2636 scr.
368 2572 424 2656 sig.
452 2592 560 2636 meum
586 2573 729 2656 apposui
775 2571 850 2636 Hiis
876 2572 1021 2636 testibus.
1066 2569 1189 2633 Thomu
1214 2570 1253 2633 de

118 2668 304 2733 Eberstonc.
349 2670 454 2734 Alano
471 2671 510 2736 de
526 2668 681 2734 Everlez²
700 2678 733 2735 et
748 2670 827 2735 aliis.

581 2869 793 2934 CCOOXCV.

162 2993 321 3057 Omnibus
343 2993 410 3058 hoc.
427 3013 483 3058 scr.
499 2995 558 3058 vis.
574 2993 627 3057 vel
649 2993 730 3071 aud,
746 2994 769 3057 J
770 2993 911 3058 ohannes
934 2994 974 3058 de
996 2992 1132 3071 Everle,³
1146 2993 1202 3058 sal.
1218 2995 1254 3056 in

119 3092 210 3157 D’no.
265 3091 429 3155 Noveritis
452 3113 504 3156 me
525 3092 641 3170 remis,
667 3100 699 3157 et
721 3093 852 3156 omnino
874 3093 914 3157 dc
940 3114 992 3158 me
1018 3099 1050 3158 et
1074 3093 1148 3158 haer.
1173 3092 1253 3156 meis

118 3228 238 3281 Swedish
261 3229 284 3280 is
308 3229 404 3291 marka,
433 3230 460 3280 in
484 3229 535 3281 Sw.
558 3229 669 3281 dialects
691 3232 769 3294 iatoq,
789 3229 897 3290 totalem
922 3230 975 3280 aud
998 3231 1027 3281 in
1048 3230 1175 3281 standard
1199 3230 1250 3283 Sw.

118 3315 215 3377 impu,
229 3312 317 3364 which
336 3312 358 3364 is
376 3312 440 3363 thus
452 3312 667 3376 defined-oskift
679 3313 820 3365 mortuom
832 3314 960 3377 ialdpaca
973 3315 1012 3364 till
1028 3314 1120 3377 odliay,
1133 3329 1252 3365 common

119 3411 149 3446 or
160 3395 306 3446 undivided
318 3395 381 3447 land
392 3396 480 3447 which
493 3396 516 3447 is
527 3396 650 3447 enclosed
662 3396 703 3447 ior
714 3397 761 3447 the
773 3413 899 3462 purposes
912 3397 940 3446 of
951 3397 1115 3448 cultivation
1148 3397 1254 3449 Almost

118 3479 271 3546 equivalent
283 3479 306 3531 is
319 3479 393 3531 A.-s.
406 3480 503 3543 dnum,
516 3480 583 3530 from
596 3480 644 3531 tha
656 3479 720 3530 verb
733 3481 856 3545 osaimua,
869 3485 898 3532 to
911 3481 975 3532 take
988 3497 1031 3547 up,
1044 3497 1073 3531 or
1085 3485 1133 3532 out
1144 3481 1186 3530 of:
1206 3481 1253 3531 the

119 3563 179 3615 idea
190 3565 218 3615 in
235 3565 283 3615 tha
302 3564 395 3616 Scand.
409 3564 483 3615 word
496 3565 575 3631 being
593 3569 639 3616 ‘to
657 3565 722 3616 take
740 3564 782 3615 in'
801 3581 831 3615 or
848 3565 960 3627 enclose,
976 3565 1004 3615 in
1021 3563 1142 3615 addition
1159 3569 1188 3616 to
1205 3564 1252 3615 the

120 3647 227 3714 already
235 3647 383 3699 cultivated
394 3647 475 3711 land;
488 3648 517 3699 in
528 3649 576 3699 the
585 3648 656 3700 Ans.
668 3648 748 3710 word,
762 3652 792 3700 to
801 3648 865 3698 take
875 3653 930 3710 out,
940 3664 970 3699 or
979 3646 1119 3699 withdraw
1128 3646 1197 3698 from
1205 3644 1253 3697 the

120 3747 189 3795 arsa,
201 3731 230 3783 oi
240 3731 288 3783 the
300 3731 485 3783 uncultivated
496 3731 568 3783 land.

156 3813 372 3880 ¹Prsstethorpe
392 3815 415 3865 is
436 3814 509 3865 what
530 3814 553 3865 is
573 3830 635 3866 now
656 3815 684 3865 in
702 3815 750 3865 the
770 3815 843 3881 place
861 3815 935 3866 itseli
952 3814 1037 3866 called
1057 3813 1211 3880 “Thorpe,”
1224 3829 1254 3864 or

120 3902 137 3926 “
145 3897 363 3966 Fylingthorpe,”
375 3897 450 3965 lying
461 3897 544 3948 about
555 3897 765 3964 three-quartem
783 3897 811 3948 of
828 3914 845 3948 a
856 3899 918 3949 mile
931 3903 997 3949 west
1009 3898 1037 3949 of
1055 3897 1141 3948 Robiu
1154 3897 1255 3948 Hood's

121 3980 186 4046 Bsy,
199 3981 279 4032 while
293 3981 461 4040 Midelwods‚
478 3980 574 4031 named
587 3981 653 4032 with
672 3981 859 4047 Prostethorpe
877 3981 905 4031 in
922 3981 969 4032 the
982 3981 1074 4032 earlier
1090 3981 1191 4047 partos
1208 3981 1255 4031 the

120 4063 196 4127 daed,
210 4065 233 4115 is
246 4063 328 4115 about
339 4063 397 4114 hall
408 4079 424 4113 a
436 4063 499 4114 mile
511 4063 620 4130 slightly
632 4068 689 4115 cast
702 4063 730 4115 of
741 4063 821 4115 south
833 4065 861 4114 oi
872 4064 983 4130 Thorpe.

156 4145 167 4180 ²
184 4148 241 4199 The
258 4164 348 4199 names
366 4147 394 4197 oi
411 4146 487 4197 these
504 4146 642 4197 witnessea
660 4146 776 4198 indicate
794 4147 1004 4214 approximately
1022 4146 1069 4197 tha
1086 4146 1148 4198 date
1162 4147 1191 4197 of
1208 4147 1254 4197 the

10 4200 16 4211 .
121 4230 195 4282 deed.
232 4230 280 4282 See
293 4231 342 4281 No.
357 4232 399 4290 22,
414 4229 495 4279 dated
510 4231 587 4290 1270,
601 4233 630 4280 to
644 4229 731 4281 which
744 4229 813 4281 Alan
825 4230 983 4296 deEverley
996 4230 1142 4296 isaparty.

155 4311 167 4347 ⁸
183 4315 248 4366 'l'bis
259 4314 283 4365 is
294 4314 391 4365 almost
401 4313 449 4364 the
461 4312 525 4376 only
537 4329 691 4363 occurrence
703 4314 732 4363 of
748 4312 821 4364 John
832 4313 865 4364 de
879 4313 998 4378 Everley.
1029 4313 1084 4363 The
1097 4314 1159 4364 date
1169 4314 1197 4364 of
1208 4314 1254 4364 the

118 4399 223 4450 chartea
234 4413 297 4463 may
308 4397 341 4448 be
358 4396 441 4447 about
462 4396 619 4459 lato-1285,
634 4396 688 4446 and
705 4397 739 4447 ha
750 4397 840 4447 would
851 4398 914 4448 thus
933 4397 965 4447 be
982 4412 999 4446 a
1016 4400 1216 4463 contemporary
1228 4399 1255 4448 of

118 4481 189 4535 alm
200 4482 234 4534 ds
246 4481 367 4545 Everley,
380 4479 434 4531 and
446 4480 570 4544 Geoffrey
581 4480 615 4531 de
628 4480 750 4546 Everley,
765 4480 817 4530 and
830 4496 864 4531 no
875 4479 960 4530 doubt
972 4479 1079 4531 related
