2918 4980
327 509 599 562 GAETULARIUM
617 511 820 563 ABBATHIAE
838 511 887 562 DE
904 512 1091 566 wfflrnnv.
1221 503 1280 562 511

151 672 229 748 tiae,
259 680 292 737 et
317 675 467 747 omnibus
497 674 568 738 aliis
594 695 666 758 quae
691 696 744 739 me
769 681 802 739 et
827 675 902 741 baer.
932 697 1020 741 meos
1047 678 1198 743 dedicta
1227 678 1286 742 t’ra

148 772 397 855 contingebant,
409 773 444 835 in
455 793 495 856 p.‚
506 772 569 849 hb,
581 780 614 837 et
625 794 712 857 perp.
725 774 931 838 elemosinam
945 777 1050 840 :-Ita
1060 778 1147 860 quod
1159 797 1217 841 nec
1229 797 1285 861 ego

148 891 208 934 nec
237 871 312 936 baer.
342 872 407 936 mei
432 872 468 934 in
492 872 589 956 praed.
620 873 688 950 t'ra,
714 878 747 936 et
772 879 850 957 pert.
878 875 954 951 suis,
977 876 1107 959 aliquod
1134 875 1286 940 clamium

148 971 324 1054 aliquando
339 972 499 1055 possimus
513 971 639 1036 habere.
683 973 751 1056 Ego
765 994 841 1036 vero
857 978 889 1036 et
904 974 977 1038 baer.
991 976 1055 1038 mei
1069 974 1165 1058 praed.
1181 974 1287 1038 reddi-

148 1077 229 1145 tum,
253 1091 328 1133 cum
351 1070 498 1154 homagio
523 1076 556 1134 et
578 1092 662 1135 omn.
685 1072 757 1135 aliis
782 1072 822 1135 ad
845 1072 919 1136 dict.
943 1073 1035 1137 t'ram
1058 1073 1287 1157 spectantibus,

149 1167 245 1231 dictis
260 1167 345 1231 Abb.
361 1174 394 1231 et
410 1167 508 1232 Gonv.
530 1176 640 1232 contra
654 1190 681 1233 6.
696 1169 727 1233 h.
745 1191 818 1234 war.
834 1170 1084 1254 inperpetuum.
1129 1172 1285 1236 Testibus.

150 1266 234 1329 D’no
249 1266 413 1330 Willelmo
426 1267 465 1330 de
480 1267 618 1332 Everlai
665 1268 788 1331 Thema
810 1268 849 1332 de
865 1269 1087 1354 Haukesgard.
1131 1271 1287 1354 Magistro

149 1364 298 1430 Johanne
321 1366 360 1429 de
382 1366 525 1430 Newerc.
569 1365 720 1431 iohanne
740 1366 780 1431 de
805 1367 938 1433 Kerton
984 1370 1079 1433 Petro
1099 1368 1140 1434 de
1166 1371 1286 1434 Hoton.

150 1464 281 1528 Andrea
317 1464 358 1529 (16
393 1464 527 1529 Dunsle.
587 1466 724 1529 Ricardo
762 1466 802 1531 de
838 1468 955 1552 Filing.
1016 1468 1163 1533 Galfrido
1201 1469 1285 1534 Scot.

150 1562 309 1627 Nicholao
324 1562 507 1646 Wybeme:
530 1570 564 1628 et
578 1564 689 1628 multis
705 1564 785 1629 aliis.

624 1862 815 1926 DLXVIII.

196 2035 364 2101 Universis
387 2036 508 2101 Christi
530 2035 613 2099 fidel.
629 2035 670 2100 ad
692 2056 829 2119 quorum
844 2035 996 2099 notitiam
1018 2056 1064 2119 pr.
1080 2057 1138 2101 sor.
1153 2057 1287 2122 perven-

151 2135 222 2212 erit,
243 2135 404 2199 Hemicus
427 2135 466 2199 de
488 2134 589 2210 Pemi,
607 2134 694 2198 filius
717 2134 795 2197 D'ni
817 2134 953 2197 Henrici
976 2134 1016 2198 de
1038 2135 1151 2212 Perci,l
1173 2137 1227 2200 sal.
1251 2137 1286 2199 in

150 2234 236 2298 D’no
258 2235 494 2317 sempiternam.
539 2233 675 2296 Noverit
697 2233 784 2296 univ.
800 2253 829 2296 v.
852 2253 913 2309 me,
935 2253 1001 2317 pro.
1022 2233 1078 2297 sal.
1101 2254 1128 2298 a.
1150 2254 1239 2310 meae,
1254 2239 1287 2298 et

152 2352 236 2396 omn
259 2338 431 2415 parentum
451 2351 605 2408 meorum,
628 2351 713 2394 conc.
735 2337 768 2394 et
790 2331 957 2408 remisisse,
980 2337 1013 2395 et
1034 2352 1091 2414 per
1112 2340 1285 2415 praesentes

152 2431 282 2495 omnino
304 2431 436 2513 imperp.
459 2450 512 2512 qu.
528 2430 566 2493 61.
589 2430 661 2493 Deo
681 2435 714 2492 et
736 2429 822 2493 Eccl.
845 2430 881 2493 Β.
897 2430 986 2493 Petri
1008 2436 1041 2494 et
1064 2429 1094 2493 S.
1118 2430 1226 2494 Hildae
1248 2431 1288 2494 de

152 2530 304 2614 Wyteby,
326 2535 359 2593 et
379 2529 502 2593 Abbati
524 2535 558 2592 et
579 2528 745 2591 monachis
767 2528 843 2591 ibid.
859 2527 930 2591 Deo
954 2527 1067 2592 devote
1089 2549 1179 2605 serv,
1199 2535 1231 2593 et
1252 2528 1288 2591 in

152 2627 300 2691 futurum
314 2627 490 2702 servituris,
506 2634 612 2691 totum
623 2627 679 2709 jus
694 2633 727 2690 et
742 2626 894 2690 clamium
906 2627 991 2710 quod
1002 2627 1101 2691 habui
1112 2627 1166 2692 vel
1180 2627 1288 2711 aliquo

153 2725 247 2790 modo
276 2726 394 2790 habere
426 2725 517 2809 potui
547 2726 583 2788 in
612 2723 843 2788 advocatione²
873 2726 1014 2789 ecclesiae
1044 2725 1084 2790 de
1113 2727 1223 2792 Semer
1252 2727 1287 2789 in

153 2826 388 2910 Pikeringlyth,
408 2845 483 2889 curn
504 2824 710 2908 pertinenciis
723 2824 827 2887 z—Ita
849 2825 935 2908 quod
957 2845 1016 2888 nec
1038 2846 1096 2909 ego
1119 2826 1289 2905 Hernicus,

153 2945 213 2989 nec
227 2924 344 3008 aliquis
360 2925 432 2987 haer.
444 2943 595 2999 meorum,
610 2922 733 3007 aliquid
745 2923 827 3006 juris
843 2922 896 2986 vel
911 2923 1020 2987 clamii
1035 2924 1070 2986 in
1084 2924 1192 2988 advoc.
1207 2945 1288 3008 prae·
1387 2978 1394 2990 ,

153 3023 240 3088 dicta
254 3023 294 3087 de
309 3029 421 3087 caetero
442 3023 568 3106 exigere
584 3022 636 3086 vel
651 3021 744 3085 vend.
761 3022 936 3105 poterimus
958 3023 1289 3087 infuturum-Salvis

152 3127 262 3187 temen
276 3122 376 3186 michi
391 3128 424 3185 et
445 3121 520 3186 haer.
538 3122 617 3185 meis
633 3121 813 3184 orationum
829 3121 989 3203 suffragiis
1011 3141 1083 3204 quae
1096 3122 1240 3204 patronis
1256 3128 1290 3186 et

153 3221 316 3286 advocatis
339 3241 396 3304 pro
422 3241 503 3304 pura
527 3220 701 3284 elemosina
726 3219 892 3285 debentur.
940 3219 981 3282 In
1007 3220 1101 3301 cujus
1126 3220 1172 3283 rei
1197 3220 1288 3284 testi-

153 3323 299 3382 monium
335 3319 547 3402 praesentibus
588 3319 645 3402 sig.
681 3339 790 3382 meum
827 3318 970 3401 apposui.
1030 3318 1105 3381 Hiis
1142 3319 1287 3383 testibus.

153 3417 311 3501 Magistro
336 3419 362 3481 Τ
387 3467 394 3480 .
422 3466 429 3480 .
456 3466 463 3479 .
491 3417 531 3480 (16
557 3416 775 3501 Dudingtona.
820 3417 904 3480 D’no
932 3414 1106 3479 Godeirido
1131 3416 1172 3479 de
1198 3417 1286 3480 Ocra

153 3517 239 3580 D'no
265 3516 429 3580 Willelmo
452 3515 492 3579 de
515 3515 677 3599 Rollesby.
721 3515 805 3578 D'no
830 3514 968 3590 Olivero,
991 3513 1126 3578 Rectore
1150 3513 1224 3577 eccl.
1248 3513 1288 3578 (16

153 3615 334 3680 Wakeield.
381 3616 476 3678 Petro
499 3614 539 3679 de
562 3614 664 3678 Lund.
708 3616 731 3679 J
733 3614 858 3677 ohanne
883 3613 922 3676 de
946 3613 1094 3678 Suttona.
1138 3611 1289 3676 Johanne

154 3714 195 3780 de
220 3715 343 3780 Coton:
365 3719 398 3778 et
422 3713 502 3777 aliis.
555 3713 679 3776 Datum
704 3712 791 3794 apud
816 3711 971 3787 Keinton,
997 3710 1049 3774 die
1075 3711 1175 3774 Lunae
1200 3730 1289 3793 prox.

153 3818 228 3897 post
249 3812 270 3877 f.
295 3812 326 3876 S.
350 3811 533 3900 Michaelis,
556 3811 594 3874 A.
618 3832 640 3874 r.
666 3810 762 3894 Regis
787 3809 938 3873 Edwardi
961 3809 1004 3874 fil.
1034 3809 1131 3893 Regis
1155 3809 1290 3873 Henrici

154 3910 306 3975 vicesimo
321 3909 460 3974 secundo
475 3908 630 3973 finiente³

190 4117 201 4153 ¹
218 4119 313 4186 Heni-y
325 4119 358 4171 de
370 4119 461 4185 Percy,
474 4118 694 4187 great-grandson
706 4117 734 4168 61
746 4119 836 4186 Agnes
848 4117 886 4184 by
897 4118 915 4169 J
916 4118 1015 4170 oceline
1027 4117 1060 4168 de
1073 4117 1215 4182 16666166,
1228 4117 1291 4169 died

155 4203 184 4255 in
198 4204 274 4259 1272.
313 4203 369 4253 The
381 4208 491 4270 grantor
503 4203 564 4254 here
576 4203 600 4254 is
612 4203 654 4253 his
666 4219 722 4253 son.

190 4284 202 4318 ¹
220 4285 269 4338 866
281 4285 330 4337 No.
347 4288 369 4349 l,
383 4302 408 4351 p.
422 4289 447 4348 4,
461 4286 513 4336 and
525 4286 588 4336 Noa
605 4288 666 4347 551,
680 4287 739 4336 552.

191 4365 203 4402 ⁸
219 4368 277 4419 The
289 4368 381 4436 regnal
398 4384 463 4435 year
474 4369 502 4419 61
520 4368 637 4419 Edward
650 4382 668 4420 1.
682 4368 768 4419 ended
786 4366 937 4418 November
956 4369 997 4420 20.
1034 4365 1100 4418 This
1111 4366 1174 4418 date
1186 4367 1209 4417 16
1225 4367 1291 4417 tben

155 4467 228 4502 some
241 4450 307 4503 time
319 4451 347 4502 in
360 4451 513 4502 November
526 4453 601 4504 1294.
