2918 4980
354 523 625 578 cumularunt
640 525 844 577 ABBATHIAE
863 527 911 577 DE
923 526 1110 578 menBY.
1239 517 1300 574 443

162 684 303 770 Whitby
318 708 352 752 se
364 689 519 767 extendit,
535 690 687 774 usquead
702 689 877 775 gabulum¹
893 691 1123 756 occidentalem
1135 690 1175 755 de
1191 689 1302 755 Gilde·

161 783 262 863 cleve,
286 788 377 851 etin
406 787 580 853 latitudine
607 809 626 852 a
649 788 759 854 Mera²
783 810 885 873 usque
910 789 951 853 ad
973 790 1065 854 t‘ram
1091 809 1188 872 quam
1215 788 1301 852 dicto

161 883 293 950 Thomae
315 887 390 952 dedi
412 895 445 952 et
467 889 719 953 concessi-scil.
743 889 836 953 t'ram
859 909 956 972 quem
978 888 1085 953 Alicia
1106 895 1209 952 mater
1230 909 1302 952 mea

159 983 237 1047 ibid.
254 987 360 1050 tenuit
375 987 410 1050 in
424 987 551 1067 dotem;
573 996 606 1052 et
622 996 727 1053 totum
739 990 793 1072 jus
809 994 840 1052 ct
856 989 893 1052 cl.
910 988 996 1071 quod
1011 1009 1068 1072 ego
1083 987 1136 1051 vel
1151 986 1224 1051 haer.
1237 987 1302 1052 mei

160 1082 196 1145 in
212 1085 307 1167 praed
319 1087 400 1151 tofto
423 1086 588 1166 habemus,
606 1088 659 1152 vel
674 1088 790 1153 hahere
805 1087 1164 1172 poterimus—Tenend.
1181 1093 1214 1150 et
1227 1087 1299 1151 hab.

161 1181 250 1247 dicto
266 1183 406 1264 Thomae,
421 1194 454 1250 et
468 1187 521 1251 cui
543 1188 761 1272 assignaverit,
776 1196 849 1272 post
871 1187 1037 1252 decessum
1052 1187 1173 1264 Aliciae,
1189 1187 1300 1251 matris

161 1301 252 1359 meae,
275 1283 401 1368 imperp
414 1287 519 1351 :—Ita
544 1287 621 1363 scil,
643 1286 730 1370 quod
752 1307 811 1351 nec
834 1308 900 1371 ego,
924 1308 984 1351 nec
1005 1286 1078 1350 haer.
1101 1287 1174 1362 mei,
1196 1306 1300 1370 neque

160 1380 280 1464 aliquis
291 1403 331 1447 cx
343 1397 433 1467 parte
442 1406 522 1462 mea,
531 1386 566 1449 in
575 1386 727 1470 praedicto
737 1385 867 1469 aliquod
872 1387 927 1470 jus
937 1386 989 1450 vcl
1000 1386 1038 1449 cl
1050 1391 1124 1470 post
1135 1385 1299 1449 decessum

162 1480 258 1545 dictae
272 1484 384 1548 matris
406 1505 486 1549 meae
501 1506 645 1570 unquam
664 1486 781 1550 hebere
801 1487 984 1570 poterimus.
1029 1485 1073 1548 Et
1093 1506 1159 1568 ego,
1172 1477 1299 1548 Willel·

160 1602 243 1660 mus,
258 1588 291 1647 et
306 1583 378 1648 haer.
395 1586 460 1649 mei
474 1606 558 1662 wan,
573 1606 650 1669 aeq„
662 1593 696 1650 et
710 1585 770 1650 def.
787 1586 861 1650 dict.
878 1587 1006 1662 toftum,
1021 1605 1094 1649 cum
1110 1590 1198 1668 pert,
1213 1585 1306 1648 dicto·

160 1680 292 1747 lhomae
312 1692 345 1749 et
367 1685 434 1750 suis
457 1686 572 1770 assign.
596 1691 670 1769 post
691 1686 792 1750 vitem
815 1686 909 1750 dicta
924 1687 1035 1750 matria
1057 1705 1137 1750 meae
1154 1685 1189 1748 in
1212 1704 1297 1768 perp.

159 1787 273 1846 contra
287 1803 313 1846 o.
326 1783 481 1850 homines.
527 1786 568 1849 In
580 1786 673 1869 cnjus
685 1806 707 1848 r.
723 1790 796 1849 test.
812 1786 876 1850 hiis
888 1785 949 1849 litt.
966 1786 1022 1870 sig.
1035 1805 1143 1848 meum
1155 1784 1300 1868 apposui.

160 1879 237 1945 Hiis
258 1883 404 1948 testibus.
449 1883 623 1967 deulpho
649 1884 688 1949 de
715 1884 860 1949 Bolebec.
905 1885 1027 1949 Thoma
1053 1884 1093 1949 de
1117 1882 1298 1965 Anlaneby.

158 1979 312 2047 Johanne
328 1983 457 2048 Blundo
473 1984 512 2049 de
527 1983 649 2048 Everle.
693 1984 816 2061 Yvone,
832 1984 1008 2061 Willelmo,
1028 1990 1061 2048 et
1076 1983 1221 2059 Ricardo,
1236 1982 1298 2046 fra-

158 2079 351 2164 tribusejus.
398 2084 539 2149 Henrico
554 2084 594 2148 de
609 2084 749 2148 Flixton.
794 2083 934 2148 Roberto
949 2085 988 2148 de
1005 2083 1109 2147 Deles.
1156 2082 1298 2146 Henrico

159 2179 382 2247 Mareschallc.

593 2380 814 2445 COCOXCVI
839 2381 862 2443 I.

203 2527 291 2611 (92b)
315 2530 474 2594 Omnibus
497 2531 581 2595 hanc
603 2551 627 2594 c.
644 2530 701 2594 vis.
725 2530 777 2594 vel
800 2530 882 2605 aud,
903 2528 1087 2593 Willelmus
1109 2528 1151 2592 fil
1167 2527 1297 2591 Thomas

159 2625 254 2692 coci³
269 2629 309 2693 de
324 2628 504 2707 Heknesee,
519 2628 664 2694 salutem.
710 2629 873 2693 Noveritis
889 2649 940 2692 me
956 2649 1052 2705 conc,
1068 2628 1095 2690 d
1113 2633 1145 2691 et
1166 2647 1254 2710 praes.
1271 2647 1295 2691 c.

160 2747 232 2792 mea
254 2729 335 2792 conf.
358 2729 488 2793 Thomae
511 2728 694 2813 Capellano,
717 2735 749 2793 et
771 2729 823 2792 cni
845 2728 1005 2812 assignare
1027 2727 1173 2804 voluerit,
1194 2747 1296 2790 unum

159 2827 385 2911 messuagium,
407 2848 482 2892 cum
507 2834 596 2912 pert,
619 2829 654 2891 in
678 2827 1002 2892 Hakenesse-Illud
1027 2827 1092 2891 scil.
1115 2846 1189 2890 mes.
1211 2825 1297 2908 quod

156 2925 244 3008 jacet
265 2926 301 2988 in
322 2926 524 3011 longitudine
545 2926 630 2990 inter
643 2927 815 3010 kyminum
838 2925 916 2989 D'ni
938 2926 1035 3010 Regis
1057 2933 1089 2990 et
1111 2925 1202 2989 t'ram
1225 2945 1297 3008 quae

195 3069 206 3105 ¹
225 3072 308 3125 Skeat
320 3072 438 3138 (Etymod
455 3074 523 3124 Dici.
538 3073 612 3137 liunt.
626 3073 775 3137 Laupuape)
795 3074 880 3123 under
893 3077 911 3102 “
920 3079 1006 3134 dabla,
1028 3089 1044 3124 a
1055 3072 1123 3139 peak
1135 3072 1164 3122 oi
1175 3088 1191 3122 a
1203 3070 1296 3121 house-

160 3154 231 3223 top,”
245 3160 339 3222 quotes
353 3160 368 3185 ‘⁴
378 3156 408 3208 0.
423 3157 464 3208 Fr.
479 3157 558 3220 polle,
571 3172 587 3206 a
598 3172 656 3206 rare
668 3155 742 3206 word
758 3156 830 3207 cited
843 3156 879 3222 by
892 3155 1071 3217 Stratmann‚'’
1084 3156 1137 3206 and
1150 3155 1223 3216 adda,
1238 3154 1294 3204 “ci.

161 3239 225 3289 now
238 3239 297 3291 Lat.
309 3240 438 3306 pabulum,
448 3256 464 3290 a
473 3239 558 3306 gable,
566 3238 640 3290 iront
648 3238 677 3290 oi
685 3255 702 3289 a
711 3239 831 3306 building
840 3239 867 3300 ;’'
879 3239 929 3291 but
941 3256 1009 3290 none
1021 3255 1116 3305 among
1128 3239 1175 3289 the
1188 3237 1296 3303 parallel

161 3322 248 3374 words
259 3321 328 3374 from
341 3323 419 3373 other
430 3323 572 3390 languagee
584 3323 688 3374 deviato
701 3323 770 3373 from
781 3322 829 3373 the
843 3327 995 3389 customary
1006 3339 1089 3385 senae
1102 3321 1212 3388 pointed
1223 3322 1296 3371 frent

160 3405 189 3455 ot
199 3422 216 3455 a
227 3404 355 3472 building‚
369 3422 399 3456 or
411 3405 489 3466 iorlr3
507 3410 536 3457 at
547 3405 616 3456 least
628 3405 649 3455 n
661 3422 700 3456 we
712 3410 808 3471 except
819 3406 993 3457 Moeso-Goth.
1012 3406 1087 3470 pun,
1103 3404 1189 3455 which
1206 3420 1296 3454 means

159 3489 275 3551 pinnaele
285 3505 314 3539 aa
325 3489 385 3539 well
391 3505 420 3540 as
427 3489 505 3554 pahle
541 3490 614 3540 Used
621 3506 650 3540 aa
659 3489 706 3540 the
715 3489 789 3540 word
798 3489 821 3540 ia
829 3489 898 3550 here,
907 3490 935 3539 in
943 3489 1053 3540 relation
1060 3493 1089 3540 to
1096 3504 1113 3538 a
1120 3486 1228 3554 pointed
1236 3487 1294 3536 hill-

162 3571 213 3621 cnd
224 3571 292 3623 with
304 3572 407 3640 sloping
419 3573 541 3623 sides-a
552 3573 654 3623 feature
666 3573 704 3637 by
721 3589 756 3623 no
768 3589 858 3623 means
872 3589 1029 3624 uncommou
1041 3573 1069 3622 in
1085 3572 1131 3623 the
1145 3571 1255 3636 vicinity
1268 3571 1296 3620 oi

163 3652 358 3705 Hackness-it
369 3654 392 3705 is
404 3670 420 3704 a
431 3654 546 3722 striking
558 3661 634 3706 term.
672 3655 756 3705 There
769 3655 791 3704 is
803 3672 819 3705 a
830 3656 1002 3720 conspicuous
1015 3655 1125 3720 pointed
1136 3653 1185 3704 hill
1196 3653 1224 3704 of
1240 3653 1296 3704 thia

161 3737 343 3790 characteres
356 3755 418 3789 seen
430 3740 499 3789 from
516 3739 563 3790 the
576 3739 745 3806 l‘ylingdales
758 3738 853 3798 Moors,
873 3739 973 3790 notter
990 3740 1058 3789 irom
1076 3738 1149 3805 High
1163 3736 1295 3804 Langdsle

160 3820 227 3882 unu,
240 3826 269 3873 to
281 3820 368 3872 which
385 3821 409 3872 it
420 3821 509 3872 would
522 3821 554 3871 be
572 3821 716 3888 eingnlnrly
729 3821 892 3887 applicable;
910 3821 963 3872 and
981 3838 1048 3872 even
1065 3838 1095 3872 aa
1112 3821 1207 3871 loolred
1219 3824 1249 3870 at
1266 3821 1294 3870 in
1357 3855 1362 3866 .

159 3904 196 3954 its
208 3903 370 3955 delineation
387 3920 420 3954 on
433 3904 481 3955 the
499 3904 637 3955 Ordnance
650 3904 752 3970 Survey
764 3920 845 3970 mapa.
884 3905 1037 3970 Unluckily‚
1050 3905 1074 3955 it
1085 3904 1147 3955 does
1165 3909 1213 3955 not
1224 3920 1293 3954 seem

160 3988 273 4052 possible
291 3992 320 4039 to
332 3987 447 4053 identiiy
459 3987 506 4038 the
522 3988 571 4037 hill
585 3987 669 4038 called
688 3988 839 4038 Gildecleve
856 3990 876 4048 (t
886 3987 1020 4050 Gildoliffl,
1041 3987 1182 4054 especially
1200 4003 1229 4037 as
1247 3987 1294 4037 the

162 4071 232 4122 word
244 4071 410 4122 commented
423 4087 456 4121 on
470 4072 497 4122 in
509 4070 555 4121 the
568 4076 632 4121 next
644 4075 706 4121 note
718 4072 740 4122 is
753 4072 781 4122 oi
791 4072 929 4122 uncertain
940 4073 1069 4139 meaning.

195 4151 207 4186 ²
225 4155 303 4204 Mera
314 4170 376 4219 may
389 4154 421 4204 be
438 4170 455 4204 a
472 4153 598 4204 latiniaed
609 4153 678 4203 form
691 4154 719 4203 of
736 4153 783 4204 the
796 4153 869 4204 word
880 4170 954 4215 mere,
970 4154 1092 4222 meaning
1114 4159 1129 4183 “
1138 4153 1206 4216 lake,
1222 4153 1293 4220 large

160 4236 232 4303 body
243 4237 272 4288 ot
283 4237 356 4288 fresh
368 4235 475 4299 water,''
494 4253 523 4287 as
535 4237 562 4286 in
574 4236 621 4286 the
634 4253 692 4287 case
705 4237 734 4288 oi
751 4236 857 4287 Seamer
869 4238 942 4287 Mera
956 4241 1025 4299 (now
1037 4239 1089 4288 and
1101 4238 1143 4288 ior
1160 4237 1222 4304 long
1234 4242 1294 4303 past

160 4318 239 4369 much
251 4319 365 4370 reduced
377 4319 404 4369 in
417 4320 468 4370 sine
481 4319 517 4383 by
530 4318 672 4385 drainage),
686 4335 715 4369 or
727 4319 750 4369 it
761 4335 823 4384 may
835 4324 970 4385 represent
981 4337 1054 4381 caere,
1069 4321 1205 4385 houndary
1218 4320 1292 4369 mark

158 4417 189 4451 οι·
200 4405 283 4452 stone.
322 4401 402 4451 Were
413 4402 436 4452 it
448 4400 576 4464 certainly
589 4400 636 4450 the
648 4401 753 4462 former,
765 4401 812 4452 the
830 4401 902 4469 large
914 4403 984 4466 pond
997 4418 1026 4451 or
1038 4402 1098 4453 lake
1106 4403 1133 4452 in
1145 4402 1193 4452 the
1205 4401 1293 4451 Hack-

160 4499 220 4534 nees
235 4483 296 4533 Hnll
308 4484 425 4549 grounds
438 4483 522 4548 might
536 4483 568 4532 ba
580 4482 740 4549 designated.
896 4482 907 4515 ³
925 4485 972 4533 See
984 4484 1037 4534 last
1049 4484 1121 4546 daed,
1134 4484 1176 4534 No
1198 4489 1256 4538 497.
